1924 3019
102 243 104 245 ·
165 232 307 278 oculos
334 234 493 277 versari
520 234 711 288 perspexi
740 232 946 287 depictam
980 232 1148 276 vocibus
1177 232 1477 287 ὑπεξαντλῶν,
1516 234 1633 287 κῦμα
1653 233 1707 288 ,μ’

163 301 278 356 αἴρει
303 298 595 358 πρύμνηθεν,
605 302 823 358 μετῆλθες
848 303 997 351 καινάς
1014 301 1153 354 ὁδούς,
1179 302 1239 345 ita
1256 306 1304 346 nt
1323 303 1414 356 ipse
1431 314 1525 347 cum
1544 302 1704 360 Creissa

163 371 254 422 sibi,
270 372 463 416 videatur
490 373 607 434 velut
631 372 673 415 in
700 373 795 416 navi
816 372 923 425 vehi,
951 385 1058 426 quae
1085 386 1135 416 ex
1162 373 1282 416 undis
1302 374 1345 416 in
1370 374 1501 416 undas
1529 366 1702 424 feratur,

103 458 121 494 g
165 452 250 489 non
279 441 538 493 dubitabam,
566 443 665 496 quin
695 444 820 485 etiam
850 442 976 485 verba
997 444 1090 483 τῶν
1116 441 1410 496 παρεστώτων
1437 445 1579 484 κακῶν
1602 439 1705 486 ima-⁴

164 511 262 565 gine
285 512 566 565 intellegenda
599 517 749 564 essent·
769 513 819 555 de
844 514 1000 565 magno
1021 524 1209 565 aequore·
1232 513 1318 555 sive
1344 512 1454 555 amni
1487 505 1715 564 malorum,
1762 505 1776 510 ⁰

132 632 135 635 ,
166 584 213 625 et
241 581 451 635 enallages
487 582 707 624 notissima
744 581 880 635 figura
917 582 1177 636 participium
1214 582 1458 635 ἐκβαλοῦσα
1491 582 1705 634 indicaret,

101 644 103 646 ’
165 651 377 705 Creusam,
403 653 513 695 'sicut
540 654 656 695 navis
685 653 738 694 de
764 665 891 695 cursu
921 652 1123 704 deflectit,
1160 643 1293 705 ipsam
1323 652 1580 706 querelarum
1611 645 1714 696 tan·'
1741 680 1759 709 ⁷.

165 724 289 776 quam
315 722 385 765 via
409 723 637 765 devertere.
706 723 835 774 Quem
873 735 994 765 usum
1034 722 1146 764 verbi
1181 722 1403 779 ἐκβάλλειν
1436 717 1577 776 paucis
1607 735 1704 776 pro-

95 807 97 809 ’
163 791 344 836 habilem
360 793 535 835 reddere
555 793 742 836 studebo.
787 793 887 836 Cum
906 794 1029 836 verba
1048 792 1225 846 βάλλειν
1241 792 1389 847 (βάλλ’
1407 794 1466 842 εἰς
1482 792 1704 848 κόρακας),

151 898 156 902 .
161 854 465 918 μεταβάλλειν,
485 865 649 917 προςβ.,
668 863 780 917 ἐμβ.,
808 855 910 917 είςβ.
930 863 1096 921 saepius
1114 862 1379 905 intransitiva
1399 864 1566 906 notione
1583 876 1704 906 usur-

92 984 95 987 ·
161 937 327 986 petitur,
354 933 468 975 verbi
496 933 720 987 ἐκβάλλειν
744 932 889 976 'autem
908 946 1080 987 prorsus
1098 934 1240 975 eadem
1270 934 1326 977 sit
1353 930 1460 977 ratio
1489 934 1623 987 logica
1652 947 1724 977 ac*

161 993 278 1046 verbi
306 1002 420 1057 εἰςβ.,
449 1008 742 1057 praeterquam
765 1003 876 1057 quod
903 1003 981 1046 hoc
997 1003 1174 1047 indicat:
1205 1015 1286 1056 quo
1307 1004 1400 1056 quis
1420 1008 1551 1057 petat,
1580 1004 1701 1047 illud:

161 1072 271 1115 unde
298 1078 437 1115 exeat:
468 1074 615 1116 mirum
642 1085 743 1116 sane
771 1077 895 1125 esset,
922 1074 959 1115 s'i
986 1085 1013 1115 a
1043 1074 1166 1115 verbo
1195 1074 1283 1126 ἐκβ.
1315 1074 1607 1117 intransitivus
1633 1075 1725 1117 ille-

161 1155 262 1188 usus
292 1143 548 1187 abhorreret.
606 1144 749 1197 Neque
789 1155 883 1186 vero
921 1143 1129 1185 abhorret.
1187 1143 1304 1195 Quod
1342 1145 1531 1196 cognosci
1561 1149 1702 1198 potest

160 1213 227 1257 Vel
254 1226 306 1257 ex
335 1214 433 1257 Eur.
463 1214 525 1257 El.
553 1218 604 1258 96
658 1212 712 1256 ἵν’
739 1213 909 1268 ἐκβάλω
936 1214 1043 1256 ποδὶ
1072 1212 1205 1270 ἄλλην
1234 1215 1304 1256 ἐπ’
1332 1209 1469 1270 αἶαν).
1538 1216 1621 1259 Sed
1651 1228 1703 1258 ne

160 1285 240 1328 hoc
266 1285 425 1328 incerto
454 1273 562 1339 loco,
603 1287 675 1339 qui
704 1286 803 1329 mihi
840 1285 1007 1339 quidem
1039 1298 1120 1328 non
1158 1289 1223 1327 est
1251 1286 1419 1340 dubius,
1459 1287 1577 1328 nimis
1606 1299 1702 1329 con-

160 1355 293 1401 fidere
335 1356 500 1399 videar:
553 1357 720 1415 verbum
768 1356 992 1412 ἐκβάλλειν
1032 1363 1075 1400 et
1115 1357 1248 1410 ipsum
1291 1357 1415 1400 habet
1457 1359 1700 1412 erumpendi

162 1425 440 1479 effluendique
464 1426 674 1468 notionem
699 1431 742 1468 et
771 1426 913 1470 eadem
940 1427 980 1467 vi
999 1427 1185 1480 impertit
1203 1427 1510 1469 substantivum
1535 1427 1702 1483 ἐκβολή,

161 1508 271 1551 quae
301 1509 379 1540 vox
409 1497 616 1550 significat
644 1510 724 1540 non
755 1496 876 1540 modo
905 1503 1092 1549 segetum
1123 1497 1411 1551 frondiumque
1445 1497 1700 1551 eruptionem
1741 1537 1743 1540 Α

161 1567 314 1622 (Thuc.
343 1567 413 1619 IV,
446 1566 504 1621 1),
529 1567 603 1611 sed
633 1567 758 1609 etiam
791 1566 1012 1610 fluviorum
1039 1569 1193 1610 exitum
1221 1567 1296 1622 (ib.
1325 1568 1377 1619 ΙΙ,
1403 1571 1491 1610 102.
1524 1568 1612 1621 V11,
1635 1571 1700 1610 35.

163 1636 315 1680 Herod.
347 1637 437 1691 VII,
467 1639 577 1689 128).
634 1636 778 1690 Neque
808 1637 965 1679 minore
994 1637 1085 1680 iure
1114 1650 1165 1680 ex
1191 1650 1240 1680 ea
1269 1637 1519 1680 substantivi
1547 1629 1699 1693 ἐκβολή

160 1707 331 1755 notione
361 1718 468 1761 quae
494 1711 559 1750 est
581 1707 799 1760 digressio,
829 1719 1020 1750 excessus
1050 1706 1199 1762 (Thuc.
1222 1708 1254 1761 I,
1275 1711 1342 1751 97:
1373 1708 1526 1764 ἐκβολή
1552 1708 1700 1763 λόγου)

160 1778 344 1821 conicere
371 1790 604 1832 possumus,
633 1778 802 1821 verbum
822 1777 1047 1832 ἐκβάλλειν
1069 1779 1234 1821 notione
1262 1778 1517 1832 deflectendi,
1544 1791 1629 1833 qua
1656 1780 1699 1823 id
1761 1818 1764 1821 Α

160 1849 382 1891 transitive
410 1847 639 1891 adhibitum
666 1848 851 1890 videmus
880 1849 920 1890 in
955 1848 1054 1890 Eur.
1091 1849 1200 1902 Cycl.
1222 1852 1275 1890 20
1296 1847 1477 1902 (ἄνεμος
1495 1850 1700 1903 ἐξέβαλεν

155 1919 274 1975 ἡμᾶς
300 1919 346 1974 (e
375 1930 501 1962 cursu
530 1919 670 1971 eiecit)
700 1918 822 1974 τήνδ’
860 1919 902 1967 ἐς
926 1917 1134 1965 Αἰτναίαν
1161 1918 1348 1972 χώραν),
1385 1920 1509 1961 etiam
1539 1920 1700 1977 intran-

154 1990 282 2032 sitive
310 1994 562 2043 usurpatum
591 2001 693 2031 esse.
752 1989 856 2031 Nam
878 1989 1021 2031 eodem
1041 1989 1159 2031 modo
1185 2002 1264 2043 quo
1288 1989 1484 2032 locutioni
1514 1988 1699 2043 εἰςβολαὶ

157 2060 296 2114 λόγων
323 2059 443 2115 (Eur.
474 2060 615 2113 Suppl.
645 2059 720 2115 92)
754 2060 980 2114 respondet
1008 2060 1314 2103 intransitivum
1341 2060 1510 2102 verbum
1539 2059 1699 2114 ἐμβάλ-

154 2132 247 2174 λειν
274 2131 334 2180 εἰς
359 2130 484 2185 λόγον
512 2131 635 2191 (Eur.
666 2131 728 2172 El.
758 2130 882 2184 962),
921 2131 1047 2172 etiam
1087 2130 1351 2172 substantivo
1387 2130 1539 2185 ἐκβολή
1572 2129 1700 2183 λόγου

158 2201 311 2258 (Thuc.
340 2201 373 2255 Ι,
398 2201 473 2256 97)
502 2201 811 2244 intransitivum
843 2195 1014 2243 verbum
1044 2199 1267 2255 ἐκβάλλειν
1293 2199 1419 2254 λόγου
1445 2198 1698 2254 respondere

153 2277 480 2316 consentaneum
518 2275 595 2314 est.
660 2271 793 2313 Porro
831 2283 924 2314 cum
960 2269 1173 2325 εἰςβάλλ
1184 2286 1261 2312 ειν
1287 2272 1344 2314 >in
1377 2271 1511 2314 locum
1538 2271 1698 2312 intran-

158 2344 281 2387 Sitive
309 2341 537 2397 usurpetur
563 2342 685 2398 (Eur.
715 2342 863 2386 Bacch.
897 2342 1046 2396 1045),
1084 2342 1207 2384 etiam
1237 2341 1365 2385 verbo
1397 2338 1698 2396 ἐκβάλλειν

155 2429 180 2458 e
216 2415 305 2458 loco
337 2413 446 2456 idem
480 2413 543 2456 ius
583 2413 872 2456 vindicandum
913 2413 1250 2466 existimaverim,
1295 2412 1442 2455 eodem
1490 2411 1609 2455 modo
1635 2415 1698 2454 *ut

157 2485 284 2529 verba
337 2485 471 2528 latina
509 2482 815 2537 »deflectere«,
866 2483 1131 2526 »devertere«
1188 2486 1232 2526 et
1285 2487 1432 2526 nostra
1487 2481 1696 2537 „tteiben¹⁴,

155 2588 183 2611 n
202 2556 364 2610 obtenu,
413 2554 698 2609 „oblaticii”
738 2554 1045 2598 intransitivam
1081 2552 1421 2608 significationem
1457 2552 1694 2596 induerunt.
