1924 3019
909 113 977 179 19.

163 275 357 333 Magnam
386 280 498 324 certe
528 275 608 315 vim
631 246 935 315 adversationis
963 273 1006 329 in
1034 271 1113 314 hac
1140 272 1386 325 repetitione
1414 273 1550 315 inesse
1578 272 1698 318 facile

163 346 371 393 concedes,
436 344 677 390 Sententiae
719 351 885 396 quoquo
922 342 964 383 in
1005 345 1181 395 utroque
1209 353 1330 384 versu
1360 342 1465 384 mira
1491 346 1558 385 est
1587 343 1697 386 simi·

116 405 118 408 ’
164 419 308 463 litudo.
373 416 478 459 Nam
515 414 582 458 fac
609 413 866 468 Iphigeniam
905 411 1100 466 negativo
1135 423 1251 454 usam
1279 411 1406 455 fuisse
1433 412 1696 467 imperativo:

158 490 226 543 ’μή
254 488 387 530 λεῖπε·
404 487 539 541 ἡμᾶς,
567 486 850 537 Agamemnon
880 484 1036 536 optime
1061 482 1311 535 respondere
1337 486 1525 535 poterat:

382 552 537 599 οὔκουν
566 553 675 596 ἑκών
701 570 748 608 γε
774 553 882 609 (sive
901 553 1068 608 θέλων)
1096 545 1177 594 νοῦ
1203 552 1242 594 δ’
1267 551 1440 608 ,ἑκόντος
1469 553 1523 604 οὐ,
1545 557 1700 609 κρατῶ,

168 642 262 673 nam
290 629 340 671 ‘co'
369 628 517 669 θέλειν
545 625 622 667 οὔκ
650 626 763 678 ἔχειν
790 625 897 667 idem
918 628 985 667 est
1003 628 1127 678 atque
1146 626 1225 665 τοῦ
1253 622 1423 672 ἑκόντος
1441 623 1492 666 οὐ
1509 628 1697 679 κρατεῐνε

171 700 392 752 utrobique
421 697 611 740 voluntas
641 696 771 738 libera
800 694 1035 738 necessitati
1062 706 1200 736 rerum
1231 694 1376 737 cedere
1404 696 1580 747 cogitur.

278 770 379 813 Cum
406 767 460 811 ad
489 766 620 810 locum
651 765 934 808 difficillimum
953 764 1215 811 tractandum
1238 764 1467 809 accedimus
1491 766 1560 820 qui
1585 770 1701 810 extat

169 841 357 883 versibus
386 841 603 881 828—830
630 840 673 879 et
701 848 726 878 a
755 837 871 878 libris
899 836 957 878 sic
985 835 1222 878 exhibetur:

973 902 1189 948 κᾶπλεκεν
1216 905 1381 953 πλοκιές

386 977 556 1025 τοιάςδ’·
588 976 717 1024 οἳλούς
742 979 823 1029 μὲν
851 976 1024 1030 ἀνέφερ’
1052 974 1111 1024 εἰς
1137 976 1215 1016 τόν
1243 975 1444 1028 δαίμονα,

387 1048 532 1090 ἐλθών
559 1047 610 1088 δὲ
634 1047 704 1087 καὶ
732 1047 809 1087 τὸν
834 1044 987 1100 χρόνον
1014 1037 1270 1099 ἀμύνεσθαι
1296 1046 1441 1087 θέλων

389 1116 605 1171 τυραννίδ’
633 1116 755 1169 αὐτῷ
781 1116 1032 1170 περιβαλεῖν
1061 1116 1212 1169 ἔμελλε
1238 1118 1322 1170 γῆς,

172 1193 270 1231 ante
298 1188 434 1230 omnia
463 1188 505 1229 in
534 1199 582 1229 ea
609 1187 894 1240 inquirendum
917 1186 1094 1238 videtur,
1121 1197 1227 1239 quae
1245 1186 1533 1240 paedagogum
1555 1186 1705 1229 dixisse

173 1273 196 1301 e
224 1264 312 1301 toto
349 1258 457 1301 illius
489 1269 690 1300 ⁴sermone
726 1261 1017 1310 consequatur.
1073 1256 1297 1310 Postquam
1331 1268 1355 1298 e
1389 1256 1513 1299 choro
1542 1247 1707 1300 audivit

174 1329 312 1372 Xutho
340 1329 479 1371 Ionem
499 1327 635 1371 ‚filium
661 1329 803 1370 datum
830 1339 939 1381 esse,
982 1327 1124 1370 statim
1163 1326 1348 1369 fraudem
1364 1327 1547 1371 subesse
1575 1328 1707 1382 suspi-

175 1404 295 1442 catus
313 1399 506 1442 Creusam
536 1399 830 1441 contumeliose
861 1410 887 1440 a
916 1398 1085 1451 coniuge
1112 1397 1231 1451 prodi
1262 1397 1532 1451 domibusque
1560 1398 1707 1452 expelli

176 1481 418 1523 persuasum
459 1469 594 1511 habet.
664 1469 767 1520 Quin
806 1469 929 1510 etiam
969 1472 1100 1511 totam
1136 1467 1319 1510 fraudem
1355 1468 1588 1522 perspicere
1627 1468 1706 1512 sibi

177 1541 288 1582 visus
315 1540 519 1591 Xuthum,
548 1552 638 1581 cum
670 1537 825 1581 Creusa
853 1539 1003 1581 liberos
1028 1551 1109 1580 non
1138 1539 1368 1591 pepererit,
1407 1551 1429 1581 e
1458 1550 1580 1581 serva
1607 1549 1709 1592 qua-

177 1610 272 1651 dam
305 1609 405 1651 dicit
431 1608 559 1651 filium
593 1620 850 1662 procreasse,
890 1609 956 1650 cui
983 1613 1162 1660 'regnum
1199 1608 1328 1649 daret.
1391 1608 1510 1650 Hunc
1537 1608 1708 1661 Delphis

177 1679 363 1721 abditum
390 1684 611 1732 postquam
637 1679 904 1731 comperisset
931 1678 1131 1731 adultum,
1161 1677 1339 1720 Creusae
1365 1679 1634 1732 persuasisse,
1663 1681 1710 1721 ut
1746 1681 1749 1684 ’

178 1761 312 1802 secum
339 1748 558 1791 liberorum
595 1748 957 1792 nanciscendorum
990 1760 1116 1791 causa
1146 1748 1328 1802 Delphos
1367 1748 1710 1801 proficisceretur,

179 1832 258 1873 quo
286 1831 375 1862 cum
412 1821 719 1873 pervenissent,
762 1820 893 1873 ipsius
927 1819 1057 1862 filium
1097 1824 1295 1879 tanquam
1324 1819 1524 1873 Apollinis
1558 1819 1710 1863 donum

179 1890 361 1932 Athenas
389 1890 537 1933 ducere
564 1891 704 1945 ibique
730 1903 869 1944 regem
895 1891 1113 1933 instituere
1140 1890 1176 1932 ei
1204 1890 1333 1941 fuisse
1359 1881 1569 1933 inanimo.
1627 1891 1711 1933 Ita·

179 1971 257 2012 que
283 1972 371 2001 cum
401 1960 475 2002 Ion
506 1962 543 2002 ei
578 1962 633 2003 sit
671 1962 780 2003 filius
821 1961 1027 2013 tributus,
1066 1972 1150 2002 non
1190 1961 1310 2003 deum
1347 1961 1566 2003 mentitum
1585 1953 1588 1956 ”
1608 1972 1710 2013 esse,

179 2029 252 2072 sed
280 2030 414 2083 ipsum
443 2031 656 2084 coniugem
685 2032 766 2074 iam
796 2031 869 2074 diu
897 2030 1107 2083 fefellisse,
1135 2031 1209 2084 qui
1235 2031 1422 2084 spurium
1449 2030 1579 2074 filium
1608 2030 1712 2074 clam

180 2112 304 2142 uxore
341 2101 541 2152 genuerit.
608 2102 726 2152 Quod
767 2102 921 2144 crimen
957 2114 1047 2145 cum
1081 2114 1154 2154 per
1183 2113 1228 2143 se
1257 2101 1475 2154 indignum
1504 2108 1596 2144 esse
1625 2105 1718 2144 tum

179 2169 549 2213 machinationibus
577 2173 736 2224 augeri,
765 2171 915 2226 quibus
933 2171 1100 2213 Xuthus
1126 2171 1167 2213 id
1196 2170 1330 2213 celare
1358 2170 1569 2225 filiumque
1597 2171 1713 2213 adul·

181 2240 357 2282 terinum
384 2252 522 2293 regem
551 2242 771 2285 instituere
794 2242 975 2285 studeat.
1031 2242 1168 2284 Etiam
1192 2253 1296 2295 quae
1314 2241 1468 2319 chorus
1486 2241 1715 2296 paedagogi

183 2320 368 2351 sermone
396 2315 625 2354 commotus
653 2313 875 2356 exclamat:

397 2379 523 2434 οἴμοι,
550 2382 804 2437 κακούργους
831 2381 993 2435 ἄνδρας
1018 2396 1072 2430 ως
1098 2380 1169 2422 αἐὶ
1196 2383 1348 2435 στυγω,

400 2448 444 2491 οἳ
470 2455 679 2495 συντιθέν
672 2468 749 2502 τες
775 2451 914 2495 τᾶδικ’
942 2446 1039 2493 εἶτα
1065 2451 1261 2506 μηχανᾶς

399 2524 621 2573 κοσμοῦσι,

185 2588 236 2629 ad
267 2601 350 2630 rem
379 2589 670 2634 illustranda-m
694 2593 846 2646 aliquid
875 2593 1025 2634 valent.
1083 2565 1189 2634 Nam
1220 2590 1346 2633 verba
1374 2589 1418 2631 οἳ
1439 2593 1717 2638 συντιθέντες
1781 2611 1783 2613 ·

1443 2666 1491 2701 20
