1924 3019
925 136 1055 178 20·

175 267 335 319 τᾶδικα
352 271 559 326 vertenda
586 275 702 314 sunt:
729 281 822 313 cum
851 282 919 313 res
950 270 1125 313 iniustas
1150 270 1385 315 moliuntur
1412 272 1498 313 sive
1526 270 1718 315 molit-uri

177 336 288 393 sunt,
333 334 437 387 non:
474 353 566 385 cum
609 339 739 382 moliti
778 344 888 382 sunt.
926 387 927 391 Ἰ
956 340 1020 382 Ex
1063 352 1144 393 quo
1190 344 1385 394 apparet,
1427 340 1718 393 gravissimum
1798 369 1802 371 v
1842 386 1847 393 .

177 411 331 460 crimen
347 410 478 453 Xuthi
496 422 523 452 a
542 409 664 452 choro
687 413 731 451 et
750 409 992 463 paedagogo
1021 410 1133 463 (nam
1155 410 1299 452 eadem
1320 409 1379 453 illi
1400 422 1494 455 esse
1509 411 1715 453 sententia

176 480 352 535 putandi
377 480 498 532 sunt)
538 492 622 523 non
650 481 918 533 praeteritum
945 480 1150 534 intellegi,
1193 480 1265 523 sed
1298 480 1342 523 id
1377 480 1485 534 quod
1525 481 1596 523 illo
1625 483 1716 534 ipso

177 555 365 605 tempore
391 549 586 593 moliatur
615 553 658 592 et
682 553 846 603 postero
875 553 1062 603 tempore
1088 550 1312 592 molitur-us
1340 550 1409 593 sit.

285 621 375 666 Hoc
412 620 466 664 ad
504 620 734 675 paedagogi
772 619 917 672 verba,
956 619 1006 663 de
1044 621 1193 675 quibus
1225 621 1485 675 quaerimus,
1535 618 1715 663 referens

175 691 304 739 aliter,
335 703 386 734 ea
413 702 575 744 nequeo
602 690 839 742 intellessre
866 702 990 744 quam
1020 695 1066 734 ut
1094 691 1156 745 id,
1185 691 1292 745 quod
1322 692 1486 735 Xuthus
1517 691 1711 734 moliatur

175 760 504 818 (συντίθησιν),
521 750 752 803 'consilium
781 772 873 803 esse
902 760 973 803 filii
1003 761 1056 803 ad
1084 773 1266 804 summos
1301 761 1478 804 honores
1507 761 1715 813 evehendi‚

175 833 313 892 dolum
350 835 510 883 autem,
556 843 636 885 quo
674 830 887 873 consilium
924 833 1091 885 assequi
1139 831 1238 874 velit
1275 830 1514 887 (μηχανάς)
1555 831 1713 874 verbis:

174 903 352 960 ἀνέφερ’
375 902 435 951 εἰς
457 902 533 943 τὸν
561 901 752 955 δαίμονα
779 901 980 945 contineri
1018 902 1262 945 existimem.
1319 902 1548 956 Utrumque
1577 890 1715 945 autem

173 978 219 1017 et
248 973 464 1017 consilium
492 977 536 1015 et
564 972 702 1015 dolum
730 971 902 1025 exprimi
932 983 1079 1015 censeo
1116 971 1276 1016 verbis:
1311 969 1528 1015 κᾶπλεκεν
1554 972 1717 1021 πλακεὶς

173 1044 363 1098 τοιάςδε,
401 1043 440 1086 h.
467 1055 502 1086 e.
532 1042 658 1086 hacce
695 1042 839 1086 dolosa
869 1043 934 1085 via
962 1042 1039 1086 hoc
1075 1042 1280 1096 perfidum
1311 1044 1526 1087 consilium
1554 1042 1714 1086 efficere

172 1115 352 1158 volebat.
419 1114 579 1165 Quibus
616 1114 659 1155 in
697 1113 833 1156 verbis
869 1125 971 1156 cave
1007 1126 1058 1155 ne
1097 1126 1190 1156 cum
1225 1114 1374 1156 ceteris
1415 1113 1713 1166 interpretibus

176 1185 271 1239 plus
308 1185 443 1228 inesse
481 1184 696 1228 arbitreris
736 1195 857 1237 quam
905 1183 1175 1237 paedagogus
1220 1183 1363 1227 voluit.
1437 1184 1623 1237 Namque
1654 1183 1714 1226 illi

175 1255 280 1299 haec
307 1255 542 1309 paedagogi
569 1254 695 1297 verba
736 1253 788 1296 de
826 1257 977 1306 arguta
1007 1258 1051 1296 et
1087 1254 1228 1297 subtili
1263 1254 1523 1297 distinctione
1554 1253 1714 1296 intelle-

173 1330 334 1380 genteS,
373 1337 457 1379 qua
484 1324 653 1367 Xuthus
683 1337 768 1367 rem
798 1334 936 1367 secum
963 1325 1151 1377 cogitans
1183 1336 1282 1367 usus
1310 1325 1379 1377 sit,
1417 1325 1535 1368 initio
1571 1336 1712 1367 versus

171 1399 253 1440 828
290 1395 445 1450 aliquid
477 1395 719 1449 requirunt,
765 1395 872 1448 quod
916 1395 1041 1438 verbo
1078 1394 1210 1445 ἁλούς
1247 1395 1532 1449 praecedentis
1567 1407 1710 1438 versus

168 1468 406 1521 oppositum
436 1467 511 1519 sit,
552 1465 678 1519 idque
705 1465 968 1519 participium
996 1465 1167 1519 λαθών,
1202 1469 1251 1509 ut
1281 1466 1332 1509 de
1360 1467 1506 1509 ceteris
1537 1471 1710 1519 taceam,

167 1537 331 1593 plurimi
361 1548 452 1580 esse
480 1536 560 1578 sibi
587 1539 896 1589 persuaserunt.
955 1536 1069 1587 Quae
1097 1548 1163 1578 res
1195 1537 1292 1579 talis
1321 1537 1508 1588 videtur,
1548 1537 1590 1578 in
1628 1548 1710 1590 qua

167 1607 378 1662 paululum
407 1619 721 1650 commoremur.

276 1677 569 1731 Paeda-gogum
599 1677 727 1731 igitur
769 1678 845 1719 viri
875 1677 983 1720 docti
1012 1678 1073 1720 ita
1103 1677 1286 1720 locutum
1317 1689 1409 1720 esse
1437 1677 1709 1730 arbitrantur,

168 1755 216 1793 ut
243 1748 409 1793 Xuthu's
446 1748 499 1791 de
537 1760 738 1802 prospero
776 1751 928 1792 eventu
969 1748 1052 1792 doli
1089 1748 1155 1792 sui
1196 1748 1392 1791 dubitans
1431 1759 1567 1791 secum
1609 1747 1709 1792 deli-

166 1821 334 1863 berasse
371 1819 601 1871 videretur,
639 1819 740 1872 quid
777 1819 964 1861 facturus
1002 1823 1135 1872 esset,
1187 1813 1278 1861 cum
1297 1834 1301 1838 ’
1318 1818 1708 1871 deprehenderetur,

167 1890 266 1944 quid
297 1903 390 1933 cum
429 1889 551 1936 dolus
592 1890 678 1932 sive
715 1889 962 1932 adulterium
1001 1889 1165 1932 lateret.
1234 1889 1416 1940 Quorum
1456 1893 1502 1932 ut
1530 1894 1605 1932 aut
1631 1889 1708 1933 hoc

164 1965 240 2004 aut
266 1959 365 2003 illud
393 1959 579 2002 eveniret
605 1959 707 2012 quid
745 1959 996 2007 effecturum,
1013 1959 1138 2002 fuisse
1171 1963 1389 2013 putemus,
1425 1971 1505 2001 non
1551 1959 1707 2002 docent.

164 2031 366 2085 Eqffidem
391 2030 499 2074 hanc
525 2030 806 2084 quaestionem
836 2042 919 2072 non
949 2030 1083 2073 habeo
1123 2030 1328 2083 quomodo
1358 2030 1585 2083 expediam.
1642 2032 1707 2073 An

165 2102 218 2146 de
247 2101 397 2155 duplici
425 2101 579 2144 oraculi
598 2099 743 2154 forma,
772 2112 853 2154 qua
883 2104 958 2144 aut
984 2101 1265 2144 innotesceret
1293 2100 1415 2144 dolus
1441 2104 1517 2143 aut
1543 2100 1707 2155 lateret,

162 2172 351 2217 Xuthum
378 2171 583 2225 cogitasse
605 2183 860 2224 censeamuS‚
888 2172 956 2224 qui
986 2184 1010 2214 e
1029 2171 1266 2225 paedagogi
1291 2171 1501 2214 sententia
1532 2183 1584 2214 ne
1611 2183 1706 2214 con-

163 2243 299 2290 sulere
342 2243 506 2296 quidem
550 2242 759 2286 oraculum
802 2242 978 2285 voluerit
1020 2246 1063 2285 et
1105 2242 1159 2286 ad
1212 2242 1496 2296 decipiendam
1535 2255 1705 2286 uxorem

162 2326 316 2357 nomen
354 2312 427 2355 filii
466 2312 630 2355 finxerit
672 2313 752 2355 iam
792 2316 1019 2366 antequam
1049 2313 1228 2366 Delphos
1268 2314 1325 2356 sit
1356 2313 1597 2366 profectus?
1649 2314 1706 2356 At

162 2385 351 2437 Xuthus,
389 2384 547 2437 inquis,
585 2384 673 2437 ipse
711 2388 809 2436 post
845 2396 915 2438 ca,
963 2395 1067 2437 quae
1112 2395 1204 2427 cum
1240 2382 1339 2427 Ione
1376 2382 1597 2427 collocutus
1625 2386 1703 2437 est,

161 2456 333 2509 veritus,
362 2467 414 2497 ne
435 2466 500 2496 res
522 2455 748 2508 aperiatur,
777 2454 914 2506 choro,
947 2455 1027 2497 nisi
1049 2457 1202 2505 taceat,
1229 2453 1472 2508 supplicium
1502 2454 1702 2496 minatur:

160 2539 287 2581 penes
305 2527 476 2568 chorum
498 2526 628 2578 igitur
648 2529 750 2578 erat,
770 2530 910 2568 utrum
929 2525 1044 2568 dolus
1063 2526 1331 2578 detegeretur
1347 2537 1403 2568 an
1431 2525 1703 2569 delitesceret.

163 2596 242 2639 Sed
272 2596 373 2638 haec
403 2608 469 2638 res
499 2607 524 2638 a
554 2595 654 2647 loce,
679 2595 730 2638 de
749 2607 829 2649 quo
850 2595 1029 2649 disputo,
1059 2594 1177 2638 valde
1208 2595 1415 2638 abhorret.
1474 2594 1578 2637 Nam
1606 2607 1703 2638 con-
