1924 3019
945 100 967 138 7

187 231 496 287 χρυσοφύλακα
521 231 593 271 καὶ
620 234 782 285 ταμίαν
807 230 988 271 πάντων
1026 230 1236 283 appellare
1274 229 1417 272 licuit?
1457 231 1611 273 Poetae
1644 229 1721 272 hoc

187 301 350 355 quidem
381 305 448 343 est
475 312 605 354 neque
632 304 772 342 tamen
794 300 1063 352 neglegentis.
1119 300 1250 359 Adde,
1278 300 1388 353 quod
1412 300 1486 342 Ion
1503 312 1624 342 versu
1641 302 1718 341 522

188 383 337 414 corona
375 371 588 413 redimitus
629 370 822 422 fingitur,
871 373 915 412 et
960 369 1134 412 officium
1157 370 1370 414 ·vestibuli
1421 370 1550 412 'sacris
1593 370 1718 412 ramis

187 452 467 496 aquarumque
521 441 739 496 aspergine
801 440 1006 483 lustrandi
1051 440 1216 482 minime
1268 441 1348 482 vile
1401 440 1718 483 existimandum

186 512 359 554 videtur.
1156 554 1159 556 ,
1489 552 1491 555 ,

297 582 495 634 Quoniam
535 582 645 624 Ionis
682 581 957 624 condicionem
997 580 1279 634 exposuimus,
1352 581 1404 623 de
1439 581 1520 635 eis,
1570 580 1717 635 quibus

186 654 363 706 imperat
398 657 441 695 ct
476 665 579 706 quos
616 665 740 694 versu
782 656 835 693 94
873 652 1056 693 nominat
1090 645 1125 691 13
1151 651 1314 705 Δελφοὶ
1343 656 1556 705 θέραπες,
1598 652 1718 694 facile

187 724 267 767 erit
295 724 498 767 iudicium.
566 723 628 765 De
660 721 942 765 sacerdotibus
970 722 1185 776 quominus
1216 722 1281 765 hic
1306 723 1554 776 cogitemus,
1585 721 1717 765 multa

141 799 143 801 ’
186 794 435 848 impediunt3
463 794 565 836 satis
594 794 673 836 erit
700 793 902 845 indicare,
948 797 1102 846 quanta
1127 794 1356 836 reverentia
1381 791 1470 835 Ion'
1487 807 1522 835 v.
1546 797 1626 835 415
1655 805 1714 846 sq.
1760 811 1762 813 ·

186 865 382 918 loquatur
409 865 459 907 de
489 864 788 908 sacerdotibus.
838 864 981 917 ltaque
999 864 1111 917 quod
1134 863 1395 917 Musgravius
1414 864 1455 906 in
1477 864 1715 918 explicando

185 935 273 978 loco
303 948 338 977 v.
369 938 551 977 98—101
584 935 706 984 dicit,
747 933 981 976 sacerdotes
1020 934 1085 976 hic
1121 934 1174 976 ab
1203 935 1301 976 Ione
1338 935 1469 977 iuberi
1506 947 1716 988 responsa,

187 1017 294 1058 quae
318 1006 419 1048 deus
449 1005 618 1047 advenis
641 1004 826 1058 dederit,
844 1004 1049 1058 explicare
1078 1008 1121 1046 et
1138 1004 1418 1058 interpretari,
1446 991 1713 1047 valde'errat.

187 1077 333 1118 Servos
379 1077 486 1117 enim
534 1076 607 1117 Ion
654 1075 902 1128 alloquitur,
964 1086 1067 1127 quos
1115 1079 1338 1128 antequam
1385 1071 1534 1117 diurna
1581 1074 1715 1117 officia

187 1147 500 1200 aggrediantur,
539 1146 799 1191 sacrofonte
826 1145 960 1187 lavari
986 1145 1114 1188 iubet.
1171 1145 1371 1197 Quoniam
1407 1149 1546 1188 autem
1588 1158 1713 1199 supra

186 1218 362 1260 vidimus
408 1219 544 1260 Ionem
596 1217 736 1269 templi
780 1217 1012 1259 antistitem
1058 1229 1150 1259 esse
1196 1221 1239 1259 et
1280 1217 1464 1260 versibus
1501 1220 1713 1260 226—233

186 1288 393 1337 docemur,
422 1288 473 1330 ab
502 1288 640 1330 eodem
668 1288 834 1329 chorum
861 1287 1077 1329 mulierum
1094 1288 1404 1330 Atheniensium
1424 1287 1548 1341 adyto
1570 1289 1713 1341 arceri,

185 1371 236 1401 ne
264 1371 311 1400 ea
340 1363 548 1411 spectent,
593 1371 701 1411 quae
741 1359 975 1411 conspicere
1012 1358 1125 1401 nefas
1164 1359 1239 1400 sit:
1282 1358 1475 1401 credibile
1512 1363 1596 1412 est,
1638 1359 1714 1401 hoc

184 1440 347 1482 quoque
375 1429 463 1471 loco
492 1429 702 1471 ministros
732 1440 757 1470 a
784 1429 967 1482 principe
998 1429 1277 1471 ministrorum
1305 1429 1467 1482 instrui,
1494 1441 1576 1482 quo
1596 1429 1712 1471 modo

183 1511 227 1541 se
255 1498 297 1541 in
329 1500 395 1540 via
423 1504 596 1550 gerant,
646 1511 698 1540 ne
735 1499 833 1551 quid
862 1499 1039 1550 incidat,
1078 1500 1186 1552 quod
1216 1503 1361 1541 contra
1389 1499 1452 1542 fas
1490 1505 1534 1541 et
1571 1512 1712 1542 sacras

182 1568 383 1622 Apollinis
421 1568 533 1621 leges
571 1569 647 1620 sit,
690 1568 887 1621 imprimis
926 1572 1064 1610 autem
1102 1580 1153 1610 ne
1190 1569 1288 1622 quid
1324 1569 1376 1611 ab
1413 1570 1472 1611 eis
1507 1573 1712 1623 peccetur,

182 1640 249 1692 qui
282 1651 419 1681 rerum
458 1651 668 1681 sacrarum
705 1638 839 1691 ignari
867 1638 1066 1692 Apollinis
1107 1639 1317 1681 oraculum
1355 1639 1582 1682 consulturi
1618 1640 1710 1682 sint.

182 1711 289 1762 Quid
312 1711 438 1763 igitur
455 1714 532 1761 est,
558 1709 667 1763 quod
687 1711 757 1752 Ion
778 1710 837 1752 eis
855 1710 1061 1763 imperat?
1087 1710 1260 1763 primum
1293 1714 1340 1752 ut
1368 1710 1517 1763 linguis
1544 1709 1713 1752 faveant

179 1782 271 1834 ipsi,
298 1781 444 1822 deinde
476 1784 525 1822 ut
553 1780 745 1833 templum
774 1780 951 1822 adituris
971 1781 1080 1822 bona
1100 1780 1227 1823 verba
1249 1782 1509 1834 praebeant?
1533 1772 1594 1823 'At
1615 1794 1711 1823 num

181 1851 330 1893 faustis
359 1850 495 1892 verbis
521 1849 700 1892 advenas
725 1851 908 1904 recipere
936 1851 1111 1894 antistes
1139 1852 1270 1893 servis
1289 1852 1492 1905 imperare
1511 1851 1712 1895 debebat?

180 1922 285 1973 Quid
314 1922 423 1963 Ionis
450 1921 663 1973 intererat,
691 1933 770 1974 quo
801 1921 859 1963 illi
887 1933 1078 1964 successu
1105 1925 1334 1973 uterentur,
1361 1934 1451 1964 cum
1471 1921 1582 1964 illius
1603 1926 1711 1964 esset

179 2005 259 2036 non
288 1991 534 2045 hospitibus
558 1991 789 2044 consulere,
831 1992 904 2035 sed
940 1992 1053 2045 leges
1090 1998 1134 2035 et
1170 2004 1311 2035 sacros
1349 2005 1483 2034 mores
1520 1993 1712 2036 servare?

179 2064 257 2114 Qui
286 2062 446 2104 turbari
475 2062 593 2104 facile
619 2063 684 2104 vel
709 2063 846 2104 verbis
867 2067 1062 2116 poterant
1081 2063 1135 2104 ab
1158 2064 1229 2116 eis,
1258 2064 1325 2116 qui
1349 2064 1524 2116 primum
1549 2076 1710 2105 sacrum

179 2133 376 2187 templum
406 2132 631 2174 intrabant.
687 2132 942 2186 Quamquam
968 2137 1107 2175 autem
1132 2134 1273 2175 Ionem
1305 2137 1423 2175 tanta
1451 2133 1709 2176 humanitate

177 2217 268 2247 esse
285 2204 517 2256 statuimus,
544 2206 590 2245 ut
608 2202 852 2256 presperum
874 2207 1068 2247 eventum
1087 2204 1255 2246 advenis
1273 2205 1512 2259 contingere
1533 2209 1708 2258 exoptet,

176 2279 317 2317 tamen
353 2274 453 2316 nihil
478 2278 668 2327 praestat
696 2273 852 2326 officio,
893 2275 1002 2328 quod
1039 2276 1129 2328 ipsa
1159 2275 1363 2318 sanctitas
1397 2275 1474 2318 loci
1513 2275 1709 2330 postulat.

178 2345 285 2403 Quid
325 2346 455 2398 ergo?
494 2344 672 2387 Ministri
701 2345 754 2388 ab
784 2346 881 2389 Ione
909 2358 958 2388 ex
987 2344 1119 2389 officio
1147 2347 1340 2389 iubentur
1369 2351 1412 2389 et
1441 2348 1519 2401 ipsi
1547 2347 1707 2400 linguas

178 2427 364 2459 coercere
402 2420 466 2468 et,
505 2416 546 2457 in
576 2427 680 2468 quos
708 2420 826 2458 extra
861 2416 1060 2470 templum
1087 2416 1291 2470 incidant,
1326 2422 1373 2460 ut
1397 2418 1504 2460 idem
1544 2416 1708 2469 faciant,

175 2499 333 2529 curare.

284 2556 372 2599 Iam
400 2556 624 2610 quaeritur,
654 2558 859 2610 quomodo
887 2557 994 2601 hanc
1022 2558 1268 2601 sententiam
1294 2571 1317 2601 e
1344 2557 1477 2601 verbis
1501 2570 1704 2601 eruamus.
