1924 3019
938 99 963 137 8

3 202 5 205 ¹
37 208 40 212 ¹
90 236 92 238 ·
128 202 130 204 .
171 228 322 279 ,Hune
337 230 392 272 in
417 230 543 278 finem
573 232 749 286 singula
758 232 913 285 verba,
946 232 995 275 in
1023 231 1170 329 quibus
1199 231 1339 286 aliqua
1367 232 1449 276 vis
1464 207 1623 286 positat-
1632 204 1723 332 est,
1753 205 1770 290 -.

179 293 345 360 paucis
355 299 608 358 illustranda
637 304 772 345 erunt
1748 328 1749 331 =

207 391 212 394 ·
297 370 463 428 φήμας
473 372 659 427 ἀγαθάς.
715 372 833 416 Haec
862 372 987 418 verba
1014 373 1069 416 ad
1098 374 1267 425 cultum
1284 373 1501 418 sacralem
1511 373 1746 429 pettmeut,

182 443 252 485 et
270 441 405 497 primo
438 442 590 491 obtutu
627 443 710 497 eis,
757 455 863 498 quae
907 443 1043 498 priore
1087 455 1212 488 versu
1249 444 1379 489 dicta
1411 448 1524 488 sunt
1556 441 1723 501 (στόμα

185 509 421 568 τέὄφημον
451 514 666 568 φρουρεῖτ’
693 513 886 567 ἀγαθόν)
914 516 973 557 Sic
1000 515 1250 568 respondere
1263 516 1471 568 videntur,
1499 515 1722 564 utrubmbi-

166 593 270 637 que
305 583 418 627 notio
461 584 655 629 vocabuli
692 583 865 639 ἀγαθόν
912 596 1042 639 aeque
1087 589 1319 640 prematur3
1377 597 1483 640 qua-
1513 585 1721 639 utrimque

171 653 398 707 ¹-detracta',
434 655 505 707 fit,
542 660 589 697 ut
616 655 762 708 στόμα
796 653 994 709 εὔφημον
1022 656 1074 697 -in
1106 657 1244 709 priore
1281 661 1399 710 parte
1435 650 1557 699 idem>
1580 656 1719 698 valere

186 721 390 767 videatur·
408 728 534 780 atque
561 725 603 768 in
632 725 765 769 altera
795 729 917 780 parte
945 737 1026 769 vox
1055 728 1207 782 φῆμαι.
1263 728 1319 770 Αι
1347 727 1388 770 in
1415 727 1551 770 verbis
1578 726 1722 780 στόμα

184 789 382 850 εὔφημον
417 797 500 838 iam
528 796 638 838 inest
664 796 725 838 vis
753 796 944 838 adiectivi
979 795 1155 849 ἀγαθόν
1191 808 1324 850 neque
1352 797 1441 839 fieri
1480 800 1639 850 potest,
1671 800 1722 838 ut

183 864 373 920 os-benes
391 866 614 910 coercitum
645 866 797 909 bonum
826 866 1068 910 nominetur.
1125 867 1286 910 Dixerit
1311 867 1512 921 quispiam
1547 865 1721 920 ἀγαθόν

184 946 261 989 per
287 935 514 990 prolepsin,
551 949 657 989 quae
695 941 879 990 vocatur,
916 936 1104 979 additum
1143 949 1256 991 esse,
1294 938 1366 980 sed
1401 938 1508 980 idem
1547 938 1627 979 iam
1668 938 1720 979 de

183 1004 387 1050 adiectivo
416 1000 614 1062 εὔφημον
640 1007 775 1060 valet,
813 1007 921 1060 quod
950 1021 1039 1050 cum
1077 1009 1320 1062 imperativo
1360 1011 1583 1063 φρουρεῖτε
1624 1021 1719 1051 con-

182 1074 368 1121 iunctum
404 1077 464 1120 sic
492 1078 729 1120 vertendum
757 1082 842 1120 est:
879 1078 1084 1120 custodite
1122 1078 1327 1131 linguam,
1369 1082 1417 1120 ut
1456 1078 1566 1120 bona
1595 1078 1719 1122 verba

183 1146 296 1192 edat.
352 1147 465 1196 Illud,
495 1148 669 1202 ἀγαθόν
705 1148 834 1202 igitur
870 1148 925 1191 ab
959 1149 1041 1201 eis,
1092 1161 1197 1202 quae
1234 1149 1504 1202 antecedunt,
1547 1162 1719 1203 prorsus

184 1217 485 1271 seiungendum
522 1223 599 1261 est.
676 1219 784 1271 Quid
820 1222 957 1262 autem
1007 1223 1072 1262 est
1108 1217 1253 1275 στόμα
1288 1215 1483 1276 εὔφημον
1519 1223 1721 1275 φρουρεῖν

183 1287 266 1331 uisi
289 1300 338 1331 os
365 1288 426 1331 ita
453 1282 654 1342 cohibere,
683 1301 733 1332 ne
760 1289 858 1343 quid
885 1289 1055 1332 infausti
1085 1293 1128 1332 et
1154 1289 1318 1343 profani
1348 1293 1479 1343 exeat,
1505 1291 1578 1333 sed
1607 1290 1718 1334 bona

181 1361 348 1406 tantum
378 1359 528 1412 verba,
568 1359 606 1402 h.
641 1371 676 1403 e.
717 1362 857 1415 φῆμαι
892 1359 1066 1414 α’καθαί
1099 1361 1186 1404 sive
1222 1360 1434 1416 εὐφημία,
1482 1373 1588 1414 quae
1625 1374 1717 1405 cum

181 1429 240 1471 sit
265 1432 467 1483 tanquam
494 1428 665 1471 effectus
692 1432 772 1470 τοῦ
797 1430 1007 1485 εὐφημεῖν
1034 1434 1078 1473 et
1104 1434 1261 1472 certam
1289 1431 1496 1484 quandam
1517 1432 1717 1473 actionem

178 1498 389 1554 significet
436 1514 512 1556 per
562 1514 606 1545 se
658 1500 916 1554 absolutam,
965 1501 1038 1555 qui
1077 1500 1168 1545 fieri
1204 1504 1369 1556 potest,
1419 1506 1466 1545 ut
1508 1502 1718 1556 genitivus

180 1569 366 1624 ἀγαθῶν
420 1573 624 1625 addatur,
688 1571 799 1626 quod
849 1573 906 1614 sit
952 1572 1158 1615 obiectum
1208 1572 1388 1625 logicum
1435 1575 1522 1613 τῶν
1563 1575 1718 1628 φημῶι·

179 1640 384 1696 ἀγαθοῖν,
421 1648 470 1688 ιιι
497 1644 736 1688 Hermanno
777 1642 953 1697 aliisque
982 1645 1114 1687 visum
1146 1645 1243 1687 est?
1277 1644 1433 1687 Eodem
1471 1645 1558 1688 iure
1593 1645 1717 1688 verbo

179 1711 393 1768 εὐφημεῖν
445 1713 598 1756 addere
644 1714 788 1756 liceret
833 1713 1010 1766 ἀγαθά,
1066 1726 1161 1756 nam
1207 1714 1314 1755 ratio
1367 1713 1498 1767 logica
1545 1726 1716 1768 prorsus

177 1783 325 1826 eadem
353 1788 430 1826 est.

200 1884 203 1888 ,
286 1852 479 1910 γλώσσης
500 1854 627 1903 ἰδίας.
657 1854 915 1898 Matthiaeus
936 1855 995 1897 sic
1010 1854 1333 1907 interpretatur:
1363 1851 1582 1909 »γλώσσης
1604 1853 1718 1903 ἰδίας

177 1924 335 1979 dictum
371 1929 457 1978 est,
498 1925 608 1979 quod
646 1939 723 1968 suo
755 1939 826 1969 ore
864 1924 1043 1968 ministri
1083 1924 1374 1978 proferebant,
1421 1936 1529 1977 quae
1562 1924 1716 1978 Pythia

176 1995 347 2041 numine
394 1995 590 2039 instincta
637 1997 941 2048 suggesserat«.
1014 1994 1142 2046 Quasi
1186 2005 1285 2037 vero
1332 1993 1383 2036 de
1431 1993 1716 2037 renuntiandis

177 2065 358 2110 oraculis
384 2065 449 2109 hic
470 2077 608 2109 sermo
632 2070 755 2109 esset.
813 2065 1074 2108 Hermannus
1094 2064 1220 2108 verba
1239 2065 1298 2107 sic
1316 2064 1462 2107 vertit:
1492 2069 1714 2118 »quantum

175 2137 219 2180 in
257 2141 398 2179 vestra
431 2137 576 2189 lingua
612 2143 726 2189 est«,
765 2136 1073 2179 Schoemannus
1106 2136 1257 2189 opponi
1303 2135 1402 2177 dicit
1434 2135 1716 2178 ministrorum

176 2206 309 2254 verba
336 2207 451 2264 »voci
478 2206 673 2261 Pythiae,
717 2206 868 2260 quippe
904 2217 1012 2260 quae
1049 2218 1133 2248 non
1176 2210 1260 2248 tam
1298 2205 1428 2258 ipsius
1465 2206 1631 2259 propria
1662 2205 1717 2248 sit

175 2288 302 2334 quam
342 2276 507 2320 divinae
551 2278 701 2319 mentis
737 2277 1090 2319 instrumentum«.
1171 2276 1262 2326 Qua
1303 2275 1573 2328 explicatione
1615 2276 1716 2318 nihil

175 2350 320 2402 posset
345 2346 600 2400 praeclarius
622 2347 812 2399 cogitari,
842 2346 1060 2389 dummodo
1080 2346 1362 2388 ministrorum
1380 2350 1493 2388 esset
1508 2345 1716 2388 oraculum

175 2417 426 2461 consulturis
445 2429 687 2470 prosperum
707 2421 898 2459 eventum
918 2421 1075 2471 optare.
1133 2415 1429 2477 Gravissimum
1449 2419 1587 2458 autem
1605 2415 1716 2469 quod

175 2480 417 2531 Hermanni
438 2487 700 2542 explicationi
737 2486 880 2529 obstat
918 2490 1005 2541 est,
1056 2486 1168 2541 quod
1219 2484 1418 2528 infinitivo
1452 2485 1718 2541 ἀποφαίνειν

173 2559 236 2601 ita
264 2570 354 2601 cum
392 2559 452 2601 eis
492 2569 602 2610 quae
638 2558 892 2600 antecedunt
930 2557 1172 2609 coniuncto,
1221 2560 1269 2599 ut
1308 2556 1365 2599 sit
1400 2556 1633 2599 consecutio
1673 2559 1717 2597 et
