1924 3019
916 114 966 152 25

388 246 539 287 πιθών
563 246 614 287 δὲ
640 268 692 276 -
721 247 793 287 καὶ
822 246 899 287 τὸν
927 246 1098 301 φθόνον
1125 245 1379 300 ἀμύνεσθαι
1404 248 1550 289 θέλων
1576 269 1632 276 -

388 317 606 370 τυραννίδ’
632 317 751 369 αὐτῷ
780 317 1029 370 περιβαλεῖν
1056 318 1206 370 ἔμελλε
1231 320 1316 372 γῆς.

283 387 413 428 Hasce
443 387 787 439 machinationes,
825 398 916 429 cum
946 391 990 428 te
1019 387 1198 440 Delphos
1237 388 1463 429 adduceret
1498 387 1702 439 deumque

172 469 219 499 se
257 458 536 500 consulturum
580 457 813 509 simularet,
863 457 1027 499 Xuthus
1073 450 1243 509 agebat:
1293 459 1467 511 primum
1505 458 1574 500 ubi
1617 457 1702 499 filio

169 526 370 581 adoptato
398 527 647 570 adulterium
677 527 932 581 patefactum
960 532 1090 580 esset,
1128 540 1216 570 rem
1245 528 1298 569 ad
1332 528 1454 570 deum
1484 527 1701 581 referebat,

170 596 321 639 deinde
349 597 385 639 si
411 596 453 640 id
485 597 560 641 tibi
588 597 885 651 persuasisset,
908 597 970 651 (in
1007 609 1087 650 quo
1124 598 1248 639 etiam
1285 597 1478 640 invidiam
1515 602 1558 640 et
1588 601 1701 639 tuam

172 672 215 709 et
243 667 389 710 civium
415 667 623 709 declinare
653 667 836 718 volebat)
862 668 1084 720 principem
1119 680 1210 710 eum
1241 667 1429 710 facturus
1457 674 1558 710 erat.

280 737 504 791 Postquam
535 737 688 781 Creusa
718 737 944 791 Apollinem
984 741 1031 780 ut
1069 737 1319 780 calamitatis
1359 750 1461 780 suae
1495 743 1701 781 auctorem

172 807 376 852 incusavit
401 819 526 863 seque
555 808 608 851 ab
637 808 706 851 illo
733 819 1008 862 compressam
1036 806 1164 850 filium
1192 809 1401 862 peperisse
1432 820 1607 863 eumque
1635 820 1702 850 ex-

171 879 351 932 positum
371 879 599 933 perdidisse
624 892 715 921 cum
739 879 1032 921 lamentatione
1052 879 1166 932 dixit,
1193 879 1463 933 paedagogus
1484 879 1548 921 his
1567 878 1702 921 verbis

172 961 217 992 se
246 946 571 1003 obstupefactum
602 950 777 1003 fatetur,
807 955 894 992 tum
926 949 1040 992 addit
1068 963 1104 990 v.
1135 953 1234 992 927:

390 1023 531 1062 κακῶν
556 1022 636 1074 γάρ
663 1019 762 1074 ἄρτι
787 1021 884 1074 κῦμ’
910 1020 1188 1070 ὑπεξαντλῶν
1217 1024 1352 1076 φρενί,

389 1090 649 1145 πρύμνηθεν
674 1091 792 1145 αι”ρεῐ
804 1092 850 1144 μ’
872 1088 979 1133 ἄλλο
1006 1093 1095 1133 σῶν
1123 1091 1258 1144 λόγων
1281 1089 1381 1143 fine,

390 1161 461 1210 οὓς
490 1162 734 1216 ἐκβαλοῦσα
761 1164 848 1204 τῶν
878 1160 1168 1216 παρεστώτων
1192 1163 1334 1202 κακῶν

389 1233 603 1287 μετῆλθες
628 1231 770 1274 ἄλλων
798 1232 1012 1287 πημάτων
1041 1233 1189 1280 καινάς
1218 1231 1357 1279 ὁδούς.

173 1305 318 1351 Κακάς
352 1303 480 1352 ὁδούς
517 1304 611 1347 libri
647 1304 867 1357 praebent,
905 1303 1183 1357 Musgravius,
1229 1316 1348 1357 quem
1394 1307 1560 1356 praeter
1601 1301 1702 1344 Her-

172 1386 364 1416 mannum
403 1386 542 1417 omnes
581 1375 760 1418 editores
797 1375 927 1417 secuti
968 1378 1081 1426 sunt,
1118 1375 1273 1427 primus
1312 1374 1518 1415 restituit:
1557 1373 1704 1421 καινάς

172 1443 309 1490 ὁδούς.
1623 1452 1629 1459 “

280 1515 437 1558 Horum
481 1527 670 1557 versuum
715 1514 794 1557 duo
839 1515 958 1568 primi
1012 1527 1258 1569 quamquam
1308 1515 1414 1557 male
1466 1514 1700 1566 cohaerent,

173 1589 310 1628 tamen
336 1584 465 1628 forma
492 1585 748 1639 anacoluthi,
780 1585 890 1638 quod
919 1585 1079 1639 dicunt,
1110 1589 1376 1638 excusantur,
1403 1585 1520 1628 cuius
1545 1585 1701 1627 formae

173 1655 303 1698 multa
331 1655 518 1709 exempla
546 1655 719 1699 contulit
740 1654 992 1699 Matthiaeus
1022 1655 1080 1711 (ξ.
1103 1657 1194 1708 556,
1221 1657 1337 1698 Amn.
1359 1654 1426 1710 3);
1455 1656 1701 1709 posteriores

174 1738 319 1768 versus
369 1726 565 1768 maximas
624 1726 719 1769 viris
762 1725 894 1769 doctis
934 1725 1197 1786 difficultates
1240 1726 1530 1780 praebuerunt.
1601 1725 1700 1768 Cum

173 1796 424 1839 Matthiaeus
461 1797 584 1839 verba
614 1797 671 1839 Sic
700 1798 851 1849 iungit:
896 1795 993 1845 »οὓς
1025 1800 1112 1838 τῶν
1140 1796 1431 1850 παρεστώτων
1458 1799 1598 1838 κακῶν
1626 1809 1700 1849 pro

175 1867 275 1920 περὶ
304 1869 389 1908 τῶν
417 1882 520 1920 παρ.
548 1883 585 1909 κ.
611 1867 664 1908 ad
693 1865 838 1919 λόγους
873 1867 1095 1920 relatum«,
1132 1867 1307 1920 primum
1349 1868 1390 1909 in
1428 1867 1601 1910 relativo
1633 1864 1704 1915 οὓς

174 1938 297 1979 etiam
336 1937 461 1979 verba
500 1938 551 1979 dc
592 1937 711 1978 novis
751 1938 868 1979 malis
899 1949 923 1978 a
951 1938 1196 1990 paedagogo
1221 1938 1393 1979 indicari
1430 1942 1586 1979 certum
1622 1942 1700 1989 est,

174 2021 258 2052 non
298 2008 429 2051 solum
471 2008 596 2050 verba
636 2008 686 2050 de
731 2008 937 2061 praesenti
981 2008 1237 2059 calamitate,
1291 2013 1509 2061 praeterea
1562 2013 1701 2050 autem

174 2079 374 2122 neminem
406 2077 605 2122 Graecum
637 2077 838 2121 dicturum
866 2078 991 2122 fuisse
1019 2083 1140 2132 puto:
1169 2077 1284 2132 λόγοι
1304 2081 1456 2129 κακῶν,
1486 2079 1636 2123 nedum
1660 2079 1701 2121 in

176 2150 387 2192 enuntiato
417 2149 610 2191 relativo:
646 2147 782 2203 λόγοι,
821 2147 893 2198 οὓς
925 2152 1065 2191 κακῶν
1102 2150 1240 2203 λέγεις.
1308 2150 1412 2192 Nam
1451 2150 1492 2191 in
1531 2150 1702 2192 relativo

176 2220 425 2263 substantivi
451 2219 616 2273 propria
644 2220 705 2261 vis
736 2223 778 2261 et
806 2220 933 2262 rectio
962 2221 1189 2273 evanescit3
1220 2221 1278 2263 sic
1301 2233 1374 2262 nos
1404 2220 1538 2262 dicere
1559 2232 1702 2273 possu-

174 2302 287 2333 mus:
325 2289 488 2347 „aeone
518 2291 585 2333 ΜΒ
612 2289 899 2344 ΞΒαῡιιῘίηιιῧ”,
936 2290 978 2332 in
1017 2291 1187 2333 relativo
1224 2292 1440 2332 enuntiato
1478 2302 1594 2332 nemo
1631 2289 1702 2331 ad-

175 2361 330 2404 hibebit
364 2361 607 2415 genitivum:
650 2360 830 2415 „Qortffi
868 2361 997 2413 metdye
1035 2363 1088 2404 bu
1125 2364 1193 2406 bez
1231 2361 1476 2414 &sebusiana
1515 2360 1701 2413 iprictftu,

176 2431 284 2486 quod
310 2432 407 2476 inde
435 2432 629 2486 explicari
656 2436 769 2487 puto,
797 2432 905 2487 quod
935 2433 1016 2476 iam
1037 2433 1240 2487 genitivus
1269 2433 1336 2476 ille
1363 2437 1557 2487 tanquam
1575 2443 1702 2474 enun-

179 2503 270 2546 tiati
299 2503 462 2547 relativi
492 2503 623 2546 locum
652 2504 821 2546 obtinet.

286 2574 365 2617 Ubi
387 2575 563 2628 primum
585 2574 824 2627 paedagogo
852 2574 928 2618 hoc
957 2574 1045 2618 loco
1063 2575 1281 2628 imaginem
1307 2573 1580 2627 navigationis
1608 2578 1702 2616 ante
