1924 3019
893 114 943 166 31,

153 251 378 305 adiectiva',
415 248 556 304 qualia
583 250 681 290 sunt
703 245 903 301 κρυπτός,
931 244 1130 301 κρύφιος
1146 246 1366 299 κρυφαῖος,
1387 243 1566 297 σκότιος,
1593 243 1687 288 alia.

155 323 375 367 Maximam
410 323 545 363 autem
592 318 634 360 in
675 316 830 377 Creusa
867 315 996 359 fuisse
1038 315 1325 359 verecundiam
1368 315 1534 367 matris,
1578 319 1622 358 et
1664 327 1687 358 e

153 395 383 438 mulierum·
399 387 550 434 natura
591 388 645 430 et'
670 399 693 429 e
732 387 919 430 versibus
955 388 1036 429 893
1071 390 1114 428 et
1151 389 1231 429 898
1267 388 1559 440 consequitur,
1606 397 1687 440 quo

125 457 130 462 ’
156 465 244 507 loco
274 463 327 506 de
355 459 591 505 calamitate
620 469 695 501 sua
726 456 881 500 Creusa
909 456 1097 511 querelas
1125 456 1271 509 edens,
1299 468 1356 509 se,
1385 456 1456 498 ubi
1483 465 1519 498 a
1538 456 1617 498 deo
1645 456 1687 499 in

154 535 390 588 speluncam
418 532 592 584 abrepta
620 530 694 581 sit,
723 521 759 570 οῗ
783 530 922 582 μᾶτερ
950 527 1202 571 exclamasse
1226 531 1290 579 et,
1320 530 1538 580 postquam
1559 525 1687 570 filium

152 603 379 659 pepererit,
427 614 520 645 eum
568 603 739 654 propter
783 599 930 641 matris
980 598 1165 640 timorem
1218 597 1373 651 (φρίκᾳ
1417 597 1595 651 ματρός)
1645 598 1686 640 iu

154 674 389 730 speluncam
416 671 612 715 abiecisse
641 669 753 712 dicit.

268 743 468 796 Quoniam
496 745 633 784 autem
659 740 837 794 priorem
866 739 979 781 illam
994 738 1045 781 de
1061 739 1227 792 perdita
1254 739 1449 781 castitate
1477 737 1686 791 querelam

155 815 293 858 verbis
309 817 532 867 παρθένια
543 811 777 864 σπάργανα
791 809 962 863 exprimi
977 808 1174 870 intellexi,
1192 810 1344 866 quippe
1362 821 1455 851 cum
1469 809 1687 852 fasciarum

100 890 103 894 ’
154 898 253 929 usus
281 898 307 928 a
336 883 560 938 virginibus
590 893 760 935 prorsus
789 880 1034 933 abhorreat3
1072 879 1246 922 alterum
1274 880 1398 932 illud,
1426 880 1535 934 quod
1565 879 1685 922 modo

154 957 339 1006 indicavi,
359 968 381 996 e
400 954 536 997 verbis
563 954 670 1006 ἐμᾶς
691 958 873 1005 ματέρος
900 951 1046 993 elicere
1068 963 1194 993 ausus
1215 963 1318 999 sum,
1335 963 1427 993 cum
1449 951 1687 993 vocabulum

154 1028 322 1067 ΕΜΑΣ
347 1025 504 1067 librarii
532 1034 671 1065 errore
710 1026 847 1063 ortum
874 1020 1103 1063 arbitrarer
1140 1033 1164 1063 e
1203 1021 1328 1063 verbo
1367 1017 1459 1076 ἰδίᾳ
1486 1009 1686 1076 (Mul),

156 1107 249 1137 nam
281 1095 403 1136 litera
429 1098 468 1136 Σ
488 1093 606 1135 facile
624 1104 646 1134 e
668 1092 789 1134 litera
816 1096 851 1143 1,
881 1095 940 1133 Μ
965 1103 988 1133 e
1015 1091 1242 1134 coniunctis
1272 1090 1403 1133 literis
1419 1096 1493 1143 ΔΙ,
1521 1096 1563 1133 E
1589 1103 1640 1133 ex
1668 1092 1686 1133 I

157 1166 255 1207 on'ri
278 1165 441 1218 potuit.
500 1161 755 1207 Sententiam
794 1162 853 1205 sic
891 1162 1090 1215 optimam
1120 1162 1320 1214 evadere,
1356 1174 1475 1204 nemo
1504 1161 1685 1215 negabit.

155 1235 260 1277 Nam
296 1241 385 1277 cu'm
426 1234 549 1276 verbo
591 1232 682 1289 ἰδίᾳ
719 1233 921 1275 indicetur
959 1232 1157 1275 Creusam
1194 1233 1322 1275 solam
1362 1245 1436 1286 per
1472 1244 1538 1284 se,
1575 1232 1685 1275 nullo

77 1293 82 1298 ⁸
154 1305 395 1356 adiuvante,
435 1304 632 1346 infantem
675 1303 894 1345 involucris
935 1303 1174 1361 colligasse,
1217 1303 1412 1346 adiuncto
1451 1303 1631 1355 genitivo
1642 1303 1684 1356 *)

155 1380 334 1428 ματέρος
368 1376 573 1417 sententia
610 1378 697 1427 est,
749 1373 943 1416 Creusam
988 1373 1132 1416 matris
1172 1374 1317 1416 timore
1355 1373 1521 1416 ductam
1564 1374 1602 1416 ei
1628 1386 1685 1419 »se

153 1440 396 1487 subduxisse
423 1448 467 1487 et
496 1445 624 1487 solam
655 1445 761 1486 clam
801 1447 934 1487 matre
961 1443 1090 1485 filium
1129 1444 1265 1486 fasciis
1300 1444 1542 1495 involvisse3
1581 1456 1684 1497 quae

155 1527 220 1557 res
268 1515 360 1557 ideo
411 1519 638 1557 memoratu
681 1515 807 1567 digna
852 1518 942 1567 est,
989 1513 1097 1568 quod
1144 1514 1386 1568 plerumque
1431 1514 1558 1556 moris
1605 1519 1682 1567 est,

157 1590 204 1627 ut
259 1589 413 1627 matres
471 1587 682 1639 puerperis
737 1598 903 1639 operam
960 1585 1191 1639 praebeant
1249 1598 1375 1629 suam.
1463 1581 1685 1629 Praeterea

153 1659 290 1697 autem
321 1667 403 1697 non
435 1656 706 1698 omittendum
735 1660 856 1709 puto,
893 1655 1017 1698 huius
1056 1656 1133 1698 loci
1169 1657 1411 1698 sententiam
1451 1656 1504 1699 ad
1543 1668 1683 1699 versus

153 1729 231 1767 955
271 1726 341 1779 (ἐν
367 1722 504 1781 ὄρφνῃ
541 1726 935 1780 σπαργανώσαντες
972 1727 1173 1778 πέπλοις)
1211 1727 1520 1769 similitudinem
1558 1738 1684 1781 prope

155 1796 359 1838 accedere,
1343 1804 1345 1807 ’

266 1866 351 1907 Iam
381 1865 431 1908 de
457 1877 506 1907 ea
534 1866 777 1910 difficultate
814 1867 1044 1920 videamus,
1088 1878 1211 1920 quam
1241 1867 1319 1909 viri
1349 1867 1459 1910 docti
1489 1868 1530 1909 in
1559 1867 1683 1911 verbo

152 1934 386 1988 σπάργανα
413 1936 547 1979 inesse
574 1942 822 1981 statuerunt.
880 1938 1092 1981 Velamina
1119 1938 1225 1980 enim
1254 1938 1458 1991 Creusae,
1491 1950 1598 1992 quae
1631 1939 1683 1981 ab

152 2006 241 2071 ipsa
259 2006 414 2058 virgine
431 2008 473 2049 in
493 2007 618 2050 alium
635 2021 753 2052 usum
767 2012 961 2052 contexta
972 2010 1074 2062 sint,
1098 2021 1179 2051 non
1200 2020 1324 2062 posse
1347 2008 1426 2052 dici
1452 2008 1685 2064 σπάργανα

155 2076 425 2118 contendunt.
481 2078 527 2119 In
559 2079 635 2121 hac
664 2093 707 2121 re
736 2081 941 2123 levissima
970 2093 1020 2121 ne
1051 2080 1207 2122 diutius
1235 2092 1395 2132 verser,
1433 2093 1483 2122 ex
1513 2094 1611 2135 usu,
1641 2081 1682 2123 in

151 2157 270 2199 quem
312 2150 427 2189 texta
454 2147 752 2204 adhibeantur,
794 2154 837 2193 et
858 2150 960 2205 ipsa
998 2149 1232 2204 σπάργανα
1271 2150 1349 2194 dici
1377 2162 1502 2204 posse
1530 2151 1564 2194 si
1591 2151 1683 2205 quis

154 2216 339 2267 negabit,
369 2217 560 2269 inspiciat
577 2232 741 2262 versum
768 2224 840 2262 32:
870 2221 989 2273 αὐτῷ
1009 2222 1092 2262 σύν
1115 2219 1232 2273 ἄγγει
1257 2221 1551 2274 σπαργάνοισί
1575 2216 1686 2270 θὀἷς

153 2285 259 2339 ἔχει,
293 2289 335 2328 et
361 2289 459 2329 918:
497 2287 728 2343 σπάργανα
755 2295 937 2346 ματέρος
963 2290 1220 2345 ἐξαλλάξας,
1259 2296 1303 2334 et
1331 2295 1431 2335 955:
1469 2292 1516 2334 ἐν
1543 2287 1682 2348 ὄρφνῃ
1741 2316 1744 2317 ’

153 2355 545 2409 σπαργανώσαντες
574 2361 773 2415 πέπλοις,
810 2366 853 2404 et
884 2366 1008 2404 1597:
1049 2363 1146 2403 ἐπεὶ
1181 2386 1229 2393 -
1261 2387 1313 2393 -
1346 2386 1399 2392 -
1435 2363 1612 2404 α’πέθου
1635 2364 1683 2404 ἐν

244 2577 273 2621 ‘l
309 2578 390 2614 Vox
413 2580 485 2624 ἰδίᾳ
510 2591 589 2617 cum
604 2584 772 2627 ⁴genitivo
801 2585 990 2622 coniuncta
1012 2586 1191 2631 reperitur
1213 2586 1249 2621 in
1273 2585 1458 2630 Aristoph.
1490 2585 1580 2623 Ran.
1605 2587 1678 2623 102.
