1924 3019
920 127 969 167 12

254 260 392 320 Ionis
418 265 483 305 et
489 260 672 306 Creusae
696 259 829 315 prius
839 258 1099 315 colloquium
1108 272 1208 320 cum
1225 257 1390 305 iterum
1400 263 1546 327 atque
1548 259 1711 315 item

89 331 93 339 ’
159 323 373 401 legerem,
412 343 512 376 ιιοιι
532 331 645 377 satis
670 331 788 385 potui
829 331 994 383 mirari,
1027 330 1145 385 quod
1182 332 1242 374 in
1263 323 1466 377 versibus
1493 325 1727 383 Saba—355?

164 401 446 457 'madia
462 402 535 456 qui
560 400 657 443 mihi
685 401 852 455 quidem
879 387 1150 445 offensionum
1177 402 1302 455 pleni
1320 398 1530 458 videntur,
1568 412 1710 457 recen-

170 460 300 518 tiores
317 471 499 515 editores
523 475 609 514 tam
629 483 772 525 parum
793 483 915 515 curae
930 476 1170 525 posuerunt,
1187 472 1392 526 imprimis
1417 477 1569 526 autem,
1590 465 1719 527 quod

169 548 261 611 cum
289 546 469 585 ceterum
489 541 539 585 in
570 543 694 584 rebus
721 541 1004 584 minutissimis
1033 542 1128 584 sint
1153 541 1478 596 diligentissimi,
1518 554 1568 584 ne
1603 541 1708 587 indi·

168 624 289 659 care
300 612 465 667 quidem
502 612 728 655 Hermanni
766 604 957 665 sagacem
993 612 1310 666 explicationem
1357 614 1418 657 eis
1436 615 1500 656 in
1529 623 1708 656 mentem

166 684 294 728 venit.
331 682 433 737 Qui
460 682 730 737 nanspos‘itis
758 683 947 726 versibus
975 682 1191 727 librorum:

386 753 535 796 ἀδικεῖ
551 769 618 796 νιν
643 754 666 796 o‘
693 753 814 803 θεός·
843 754 872 809 ἦ
897 756 1087 797 τεκοῦσα
1115 755 1155 796 δ’
1180 755 1335 808 ἀθλία,

167 825 241 881 qui
261 825 390 880 vulgo
407 825 522 877 loni,
550 828 595 867 et
623 824 778 868 altero:
1274 818 1279 821 ’

368 893 541 937 ,οὔκουν
567 895 628 936 ἔτ’
649 892 784 937 ἄλλον
812 893 994 949 ὕστερον
1021 899 1154 937 τίκτει
1178 895 1318 948 γόνον,

164 966 239 1021 qui
269 965 457 1009 Creusae
476 964 694 1019 tribuitur,
733 970 778 1007 et
812 978 895 1008 una
935 965 1070 1008 verbis
1107 965 1136 1022 ἠ
1165 967 1351 1008 τεκοῦσα
1383 965 1553 1008 mutatis
1583 965 1624 1007 in
1654 962 1707 1006 οὐ

164 1032 365 1088 τειὶοῦσα,
392 1035 433 1078 id
463 1036 541 1078 sibi
568 1035 731 1078 efficere
758 1036 873 1079 visus
902 1039 981 1088 est,
1009 1041 1059 1078 ut
1082 1040 1126 1078 et
1152 1027 1278 1089 aptae
1304 1040 1444 1079 essent
1474 1037 1705 1079 sententiae

165 1111 211 1149 et
226 1105 482 1160 colloquium
510 1109 623 1149 recte
651 1105 905 1160 procederet.
963 1106 1068 1148 Nam
1096 1106 1195 1149 ferri
1223 1116 1304 1149 non
1332 1118 1456 1160 posse
1485 1106 1563 1160 ait,
1593 1105 1703 1159 quod

164 1177 240 1220 lon
276 1176 505 1231 Apollinem
546 1180 631 1220 turn
672 1177 846 1220 iniuriae
881 1178 1060 1230 incuset,
1107 1177 1177 1220 ubi
1215 1177 1443 1230 audiverit,
1499 1181 1701 1231 quantum

167 1239 366 1302 temporis
385 1248 576 1301 spatium
603 1259 627 1289 e
655 1246 728 1290 filii
759 1248 930 1290 interitu
957 1248 1012 1290 sit
1040 1247 1246 1301 elapsum:
1287 1246 1388 1290 nihil
1416 1247 1522 1289 enim
1553 1247 1605 1289 ad
1635 1247 1702 1290 dei

158 1316 425 1373 iniquitatem
462 1317 681 1370 interesse,
730 1320 892 1360 »utrum
932 1329 1065 1371 nuper
1107 1329 1162 1359 an
1202 1317 1359 1371 pridem
1396 1316 1523 1359 filium
1557 1317 1700 1370 perimi

164 1388 310 1430 siverit
335 1387 521 1440 Apollo«.
589 1388 638 1429 In
667 1388 816 1440 quibus
842 1400 990 1430 vereor
1017 1400 1070 1429 ne
1099 1387 1362 1430 Hermannus
1386 1388 1535 1430 nimius
1561 1386 1700 1439 fuerit,

163 1457 235 1511 qui
265 1451 371 1500 »non
391 1456 444 1499 ad
463 1460 716 1510 acceptam«,
746 1457 816 1510 ait,
850 1457 1025 1500 »aetatis
1047 1458 1329 1499 notationem«
1348 1456 1375 1499 J
1379 1468 1496 1499 onem
1513 1456 1701 1499 debuisse

162 1529 426 1582 respondere.
480 1528 591 1571 Nam
606 1529 681 1570 lon
701 1528 779 1570 hoc
807 1540 931 1570 versu
960 1529 1126 1570 omnino
1151 1540 1233 1570 non
1261 1528 1482 1581 respondet
1499 1527 1699 1579 Creusae3

161 1598 286 1642 immo
328 1597 486 1642 Creusa
526 1598 614 1641 Ioni
667 1598 864 1652 temporis
907 1597 1100 1640 indicium
1152 1598 1307 1651 petenti
1348 1597 1534 1651 proximo
1575 1609 1699 1640 versu

161 1669 456 1722 responderat,
483 1669 640 1721 eadem,
671 1681 753 1722 qua
781 1668 916 1721 illum,
944 1673 1084 1711 aet-ate
1113 1681 1230 1711 suum
1260 1669 1392 1711 filium
1419 1669 1621 1721 futurum,
1662 1669 1698 1710 si

99 1740 101 1742 ’
160 1738 330 1783 viveret.
397 1739 486 1782 Iam
520 1739 656 1792 igiturv
686 1739 759 1781 Ion
799 1738 912 1782 nullo
958 1742 1151 1792 respectu
1199 1737 1353 1781 habito.
1380 1750 1539 1792 eorum,
1588 1751 1698 1793 quae

158 1810 346 1864 proxime
389 1810 665 1862 antecedunt,
704 1810 805 1863 quid
848 1813 892 1852 et
936 1810 988 1852 de
1024 1809 1215 1864 Apolline
1253 1813 1296 1851 et
1335 1810 1387 1852 de
1428 1809 1594 1852 muliere
1627 1810 1698 1852 illa

158 1880 391 1924 miserrima
429 1881 626 1934 sentiret,
665 1880 777 1923 nulla
817 1879 1040 1922 offensione
1080 1883 1248 1933 poterat
1281 1892 1529 1934 proponere,
1575 1881 1695 1923 modo

158 1952 316 2004 omnia,
341 1963 448 2006 quae
471 1955 724 2005 sequuntur,
751 1954 865 1994 recte
890 1963 937 1993 se
961 1950 1155 1994 habeant.

267 2023 423 2066 Deinde
451 2025 594 2065 autem
620 2022 883 2064 Hermannus
912 2021 1038 2064 verba
1067 2009 1272 2065 Creusae.
1298 2018 1453 2064 οὔκουν
1481 2019 1540 2062 ἔτ’
1564 2018 1697 2065 ἄλλων

156 2116 212 2124 -
237 2091 402 2146 γόνοι
410 2104 550 2146 neque
591 2096 731 2146 aptam
773 2093 1023 2135 sententiam
1066 2093 1264 2147 praebere
1303 2095 1348 2134 et
1395 2091 1543 2145 frigide
1582 2093 1696 2136 dicta

155 2161 348 2217 maleque
374 2174 538 2206 annexa
564 2175 654 2206 esse
682 2163 793 2206 dicit.
849 2162 912 2205 Ex
934 2162 998 2206 his
1027 2163 1283 2215 argumentis
1309 2162 1484 2216 primum
1511 2162 1587 2205 hoc
1614 2167 1692 2205 est⁶

158 2233 385 2286 *Quamvis
406 2234 532 2286 enim,
568 2233 707 2287 inquit
733 2233 821 2286 ille,
859 2245 985 2287 supra
1011 2233 1162 2276 dixerit
1190 2233 1278 2287 (scl.
1308 2231 1481 2285 Creusa)
1518 2245 1564 2276 se
1591 2233 1693 2276 libe-

153 2314 298 2349 rorum
325 2315 453 2347 causa
476 2304 690 2347 oraculum.
712 2303 942 2357 consulere,
980 2309 1121 2347 tamen
1144 2303 1248 2346 haec
1270 2303 1403 2347 Xuthi
1429 2303 1568 2357 potius
1591 2315 1692 2347 cura

154 2379 247 2429 est,
284 2386 418 2430 quam
454 2374 600 2428 ipsius,
645 2387 754 2429 quae
791 2386 872 2418 non
910 2369 994 2418 tam
1033 2387 1182 2418 novam
1218 2374 1373 2429 prolem
1409 2386 1533 2429 quam·
1569 2386 1690 2429 quem

153 2447 331 2501 peperit
355 2445 482 2489 filium
522 2450 738 2499 quaerat«.
810 2446 935 2496 Quasi
972 2459 1071 2489 vero
1099 2446 1279 2489 Creusae
1308 2457 1389 2488 non
1418 2444 1544 2488 fuerit
1571 2447 1693 2490 mise-

152 2516 335 2562 riarum
344 2516 541 2561 solatium
569 2515 611 2558 in
652 2516 768 2559 novis
805 2515 947 2560 liberis
975 2516 1195 2571 quaerere!
1261 2515 1365 2560 Cum
1393 2514 1540 2560 deinde
1577 2516 1691 2561 dicat

152 2577 282 2632 verba
309 2587 457 2641 frigide
487 2587 601 2630 dicta
629 2599 740 2640 esse,
770 2598 864 2629 nam
890 2584 1073 2642 ὕστεροι
1099 2599 1268 2641 prorsus
1297 2587 1444 2631 inutile
1471 2599 1582 2640 esse,
1605 2599 1691 2631 non
