1924 3019
936 107 987 148 32

80 232 97 301 ᾗ
121 274 124 279 ·
194 241 525 297 σπαργάνοισιν.
584 242 675 286 Non
703 241 879 285 infacete
906 242 967 285 sic
996 253 1244 297 quamquam
1274 254 1367 287 cum
1392 241 1533 286 dolore
1561 243 1731 298 virginis

195 324 322 368 opera
360 312 415 356 ab
443 325 493 355 ea
530 316 699 367 praeter
731 313 1058 366 expectationem
1103 312 1338 368 σπάργανα
1374 313 1576 366 appellari
1614 313 1732 359 facile

195 383 403 435 concedes.
461 383 577 433 Quae
615 382 741 425 dictio
778 394 872 425 cum
909 383 1077 425 liberior
1107 384 1338 434 videretur,
1376 383 1515 435 potius
1551 387 1733 427 statuam

195 453 248 496 ad
265 465 356 496 eam
367 451 724 506 interpretandam
740 456 783 495 et
797 457 995 507 tanquam
1010 453 1295 507 corrigendam
1313 452 1482 496 verbum
1507 453 1735 510 ἀμφίβολα

195 523 453 575 adscriptum
503 535 618 574 esse,
679 523 788 574 quod
842 524 1085 575 interpretis
1132 527 1315 577 tempore
1358 536 1433 577 pro
1476 525 1733 573 substantivo

195 592 527 649 ἀμφίβληστρον
545 593 585 634 in
606 604 682 635 usu
697 592 825 636 fuisse
840 605 922 636 non
939 593 1173 647 negaverim
1186 593 1225 646 ²¹⁸)
1255 589 1481 652 quamycum
1496 593 1733 638 Hermanno

194 665 374 717 putabo,
422 663 510 704 vice
551 674 672 704 versa
723 663 846 704 verbo
893 663 1121 718 ἀμφίβολα
1164 675 1301 706 vocem
1344 663 1579 718 σπάργανα
1619 665 1733 707 velut

195 734 580 788 interpretationem
608 732 791 777 additam
820 746 923 778 esse.

305 822 448 875 Neque
492 825 627 864 tamen
669 819 911 864 adieeti'vum
958 821 1184 876 ἀμφίβολα
1219 821 1447 876 proleptice
1488 826 1733 876 usurpatum

196 895 275 936 hoc
311 893 400 935 loco
438 905 501 934 me
540 891 787 939 offenderet,
845 892 1065 934 dummodo
1112 896 1243 934 metro
1286 894 1450 945 integro
1488 893 1529 935 id
1570 905 1735 936 servare

195 962 423 1017 possemus}
482 963 537 1004 At
565 975 657 1005 cum
681 967 724 1004 et
753 963 792 1004 in
826 963 899 1015 eis,
923 975 1028 1016 quae
1054 963 1240 1016 proxime
1263 963 1418 1006 Creusa
1444 964 1625 1006 dixerat:

413 1047 551 1102 κύκλῳ
578 1047 758 1103 κρύφιον
785 1048 919 1101 οῖιδΐν’
946 1050 1091 1091 ἔτεκον
1121 1052 1278 1103 Φοίβῳ,

198 1142 242 1179 et
267 1137 307 1178 in
336 1136 566 1189 posteriore
593 1141 712 1189 parte
740 1136 940 1178 enuntiati
956 1136 1049 1178 inde
1064 1148 1089 1177 a
1108 1135 1231 1178 verbo
1252 1139 1327 1178 σοί
1351 1124 1481 1178 metro
1497 1136 1733 1179 dochmiaco

198 1219 274 1250 usa
304 1207 384 1249 sit:

414 1279 490 1319 σοί
514 1275 613 1317 τάδ’
640 1276 800 1333 ἐνῆψα,
829 1276 1030 1329 κερΙκίδος
1058 1277 1164 1330 ἐμᾶς
1191 1277 1393 1330 πλάνους,

196 1376 372 1417 eumque
400 1363 558 1416 reliqua
584 1374 747 1415 quoque
781 1363 906 1405 verba
927 1367 1165 1416 computata
1183 1363 1286 1405 duos
1304 1362 1513 1405 dochmios
1532 1363 1734 1406 efficiant:

195 1434 366 1477 verbum
396 1433 622 1489 ἀμφίβολα
650 1444 777 1486 supra
807 1445 832 1475 a
862 1444 927 1475 me
954 1433 995 1475 in
1025 1433 1297 1486 suspitionem
1322 1437 1507 1475 vocatum
1535 1434 1733 1476 abundat.

195 1505 342 1548 Scribo
371 1504 477 1546 enim
507 1515 674 1546 versus:

414 1576 638 1627 παρθένια
666 1573 705 1614 δ’
715 1572 808 1628 ἰδίᾳ
822 1571 829 1622 Ι
844 1573 1076 1626 σπάργανα
1105 1579 1286 1627 ματέρος

414 1645 485 1687 σοὶ
510 1644 609 1685 τάδ’
638 1644 797 1701 ἐνῆψα,
824 1640 1043 1696 κερικίδος
1070 1644 1178 1696 ἐμᾶς
1200 1643 1484 1698 πλόνους.**)

196 1732 317 1775 Nune
331 1742 413 1784 qua
427 1730 589 1773 ratione
603 1729 704 1771 ordo
720 1728 936 1771 verborum
953 1729 1008 1771 sit
1024 1729 1229 1780 turbatus,
1255 1729 1334 1772 erit
1351 1729 1730 1772 demonstrandum.

197 1803 422 1854 Postquam
453 1800 620 1842 verbum
662 1799 754 1854 ἰδίᾳ
794 1804 1001 1841 mutatum
1035 1804 1100 1841 est
1134 1800 1174 1841 in
1211 1800 1318 1852 ἐμᾶς
1346 1805 1389 1841 et
1418 1800 1626 1852 adscripta
1656 1813 1732 1841 vox

196 1871 424 1928 ἀμφίβολα
462 1875 574 1924 post·
598 1882 736 1912 vocem
777 1868 1013 1923 σπάργανα
1050 1870 1236 1924 irrepsit,
1282 1870 1507 1923 genitivum
1552 1875 1735 1925 ματέρος

196 1955 280 1985 non
317 1954 392 1984 suo
430 1942 521 1983 loco
562 1946 676 1983 stare
720 1940 896 1993 ideoque
935 1943 1032 1992 post
1069 1940 1316 1982 adiectivum
1356 1941 1464 1994 ἐμᾶς
1500 1941 1732 1993 ponendum

119 2054 122 2056 .
196 2025 312 2064 esse,
340 2012 555 2065 interpreti
584 2011 625 2053 in
656 2014 831 2053 mentem
862 2009 1001 2052 venire
1030 2009 1149 2053 facile
1177 2011 1322 2063 potuit.
1378 2011 1576 2053 Fortasse
1605 2011 1731 2053 etiam

197 2095 248 2126 eo
274 2082 443 2124 oonsilio
472 2081 697 2133 genitivum
725 2080 833 2121 inter
862 2082 1085 2132 παρθένια
1111 2083 1154 2121 et
1178 2080 1410 2134 σπάργανα
1433 2080 1657 2132 collocavit,
1687 2079 1743 2122 ut'

197 2153 424 2206 genitivum
455 2151 661 2193 adiectivo
690 2154 733 2191 et
761 2149 1021 2191 substantivo
1055 2149 1251 2192 inclusum
1287 2162 1377 2193 curn
1418 2149 1496 2193 hoc
1535 2154 1732 2204 tanquam

161 2241 168 2246 ’
197 2226 239 2266 in
272 2222 397 2265 unam
425 2222 635 2264 notionem
666 2219 946 2263 confunderet.

287 2437 326 2481 ¹⁸)
364 2435 408 2472 cf.
435 2434 550 2472 Leon.
576 2434 658 2471 Tar.
683 2434 791 2471 Anth.
820 2434 896 2472 Pal.
918 2436 949 2481 6,
977 2437 1053 2480 296,
1079 2434 1112 2471 4.

182 2543 184 2545 Ι
289 2498 339 2541 ’Ἴ
372 2497 442 2533 Pro
476 2497 655 2541 scriptura
688 2497 769 2530 τάδε
805 2496 975 2531 librorum
1008 2496 1233 2532 scribendum
1271 2508 1351 2532 esse
1384 2498 1461 2531 τάδ’
1492 2502 1660 2543 apparet5
1697 2498 1734 2533 in

197 2559 308 2596 verbo
332 2558 452 2605 ἐνῆψα,
477 2557 572 2604 quod
597 2557 722 2594 Fixius
748 2558 899 2595 mutavit
921 2557 957 2593 in
982 2557 1108 2601 ἐεῆψα,
1131 2556 1220 2594 nihil
1244 2557 1461 2596 mutandum.

1884 90 1915 111 ·.
1891 0 1915 58 a,
