1924 3019
874 120 948 158 ,27

160 249 232 293 Ne·
248 249 414 303 linguae
440 260 624 311 graecae·
643 250 772 293 indoli
797 251 878 293 vim
906 250 1044 299 facere
1071 249 1230 301 videar,
1258 250 1368 302 apud
1395 251 1691 304 Philostratum

159 318 285 362 verba
318 318 475 374 ἐκβολή
512 317 619 360 ὁδοῦ
656 319 886 372 significare
923 320 1195 373 eyressionem
1225 333 1250 361 e.
1279 320 1350 361 via
1378 318 1429 361 H.
1455 318 1692 373 Stephanus

162 393 358 442 testatur,
384 389 457 431 sed
488 389 531 431 in
559 389 750 431 addendo
780 390 957 442 paginae
980 401 1149 430 numero
1168 402 1329 431 errasse
1345 390 1509 432 videtur
1576 390 1693 440 Quod

160 457 240 501 dici
270 470 349 501 non
378 458 561 512 potuisse
590 458 815 510 contendo,
851 459 886 501 si
917 470 943 501 a
973 458 1139 512 linguae
1166 469 1337 511 graecae
1365 463 1517 502 natura
1546 459 1694 502 abhor-
1756 457 1760 460 ”

90 571 97 582 J
161 529 316 571 ruisset
345 528 501 570 dicere:
540 527 764 581 ἐκβάλλειν
791 529 898 569 ὁδοῦ
937 528 982 582 (e
1018 529 1084 569 via
1120 527 1367 580 devertere).
1434 530 1572 580 Quare
1601 541 1693 571 cum

163 597 317 640 Creusa
346 609 372 640 a
397 597 641 651 paedagogo
678 597 831 639 dicitur
868 597 1069 652 ἐκβαλεῖν
1101 599 1188 638 τῶν
1222 596 1514 652 παρεστώτων
1540 601 1693 653 κακῶν,

162 669 252 722 ipsa
282 669 397 710 velut
426 669 542 710 navis
572 681 594 710 e
625 680 749 709 cursu
779 680 801 709 e
826 668 1030 720 prioribus
1058 669 1253 721 querelis,
1283 681 1389 721 quas
1419 669 1468 710 de
1495 670 1693 723 adoptato

162 750 188 780 a
206 738 346 780 Xutho
363 738 459 780 Ione
488 737 685 790 ediderat,
711 736 928 780 deflexisse
953 741 998 784 ,et
1023 738 1066 780 in
1095 750 1223 781 novas
1243 738 1417 781 aliarum
1439 740 1694 782 miseriarum

166 809 317 863 (ipsius
345 813 489 862 partus
520 807 621 862 etc.)
652 813 850 860 tanquam
878 809 968 850 vias
997 809 1139 850 delata
1166 822 1257 851 esse
1284 810 1502 851 iudicanda
1530 815 1606 858 est.

271 879 334 921 De
363 878 562 920 mutanda
601 884 739 920 autem
776 878 918 921 vocula
948 877 1021 927 οὓς
1049 879 1090 920 in
1121 879 1175 928 ὠς
1203 891 1251 922 eo
1279 880 1414 922 minus
1443 879 1696 933 dubitabam,
1732 893 1735 896 ·

163 949 275 1002 quod
303 961 395 991 cum
425 949 531 990 idem
561 950 641 990 iam
673 961 698 990 a
728 948 967 1000 Musgravio
996 949 1228 1000 inventum,
1267 962 1293 991 a
1324 949 1575 992 Kirchhoffio
1604 963 1696 1003 pro-

166 1019 306 1061 batum
346 1018 558 1072 vidissem,
595 1030 677 1070 non
714 1030 861 1072 parum
899 1018 940 1060 id
979 1018 1076 1061 mihi
1112 1019 1164 1062 ad
1181 1052 1184 1054 v
1203 1019 1524 1062 confirmandam
1564 1032 1696 1062 meam

166 1089 412 1130 sententiam
434 1089 621 1130 contulit.
680 1089 865 1140 Quorum
885 1090 1065 1131 virorum
1082 1090 1195 1142 prior
1218 1089 1272 1137 ὥς
1298 1090 1563 1141 ἐκλαθοῦσα,
1590 1091 1697 1133 alter

166 1158 220 1208 aig
248 1159 293 1212 μ’
319 1159 559 1201 ἐκκαλοῦσα
602 1159 857 1201 scribendum
895 1160 976 1201 rati
1014 1171 1107 1202 cum
1146 1160 1295 1202 ceteris
1324 1160 1422 1203 illud
1454 1150 1697 1216 ἐκβαλοῦσα

166 1230 417 1273 labefactare
466 1230 622 1273 frustra
668 1234 767 1273 sunt
816 1222 967 1273 conati.
1037 1230 1246 1273 Particula
1284 1232 1341 1280 αῖς
1380 1244 1427 1274 eo
1467 1231 1628 1275 facilius
1672 1245 1698 1274 a

166 1301 333 1343 librario
364 1301 405 1343 i'n
436 1299 506 1349 οὓς
534 1302 685 1343 mutari
713 1302 857 1355 potuit,
885 1313 966 1354 quo
994 1301 1194 1344 audacius
1223 1302 1260 1344 ei
1291 1302 1508 1345 videbatur
1536 1303 1700 1345 intran-

169 1373 332 1415 sitivum
362 1373 620 1425 participium
649 1373 894 1426 ἐκβαλοῦσα
920 1385 1011 1415 cum
1032 1374 1214 1425 genitivo
1236 1375 1510 1426 coniunctum,
1539 1386 1700 1427 quoque

169 1443 361 1484 usitatior
387 1447 479 1485 erat
510 1442 680 1485 locutio:
711 1442 858 1495 λόγους
889 1441 1124 1496 ἐκβάλλειν.

278 1513 432 1555 Creusa
461 1525 551 1555 cum
569 1514 636 1555 -de
675 1514 793 1555 irrito
822 1513 1032 1555 conamine
1060 1513 1172 1555 Ionis
1209 1513 1381 1555 necandi
1411 1502 1562 1555 certior
1588 1514 1703 1556 facta

171 1574 359 1636 supplicii
401 1584 549 1625 timore
577 1583 631 1625 ad
671 1584 735 1625 dei
765 1595 877 1624 aram
920 1582 1188 1636 confugisset,
1227 1583 1316 1624 Ioni
1357 1583 1703 1636 comprehendere

170 1667 260 1696 eam
287 1654 474 1696 studenti
502 1665 547 1695 se
574 1653 650 1695 deo
675 1666 720 1694 se
749 1654 908 1695 vovisse
927 1653 1026 1694 dicit
1045 1665 1178 1705 neque
1195 1653 1259 1695 fas
1280 1666 1371 1695 esse
1390 1654 1457 1695 dei
1479 1654 1699 1707 supplicem

170 1724 223 1766 ab
260 1736 335 1766 ara
372 1724 559 1766 distrahi.
626 1723 698 1767 Cui
737 1724 804 1767 ille
842 1723 1089 1776 respondet:
1135 1736 1226 1765 cum
1267 1724 1333 1766 dei
1371 1736 1484 1766 esses
1521 1725 1702 1778 propria,

173 1800 309 1837 tamen
335 1799 481 1837 conata
501 1806 545 1836 es
563 1794 689 1836 filium
712 1795 777 1837 dei
798 1806 953 1836 veneno
981 1793 1243 1836 interficere?
1271 1798 1313 1836 et
1333 1806 1421 1836 cum
1446 1794 1517 1836 illa
1537 1801 1701 1837 contra-

125 1901 128 1904 .
171 1866 309 1908 dicens
357 1865 470 1907 illum
516 1865 595 1907 iam
638 1878 718 1907 non
755 1864 955 1917 Apollinis
992 1863 1064 1906 sed
1098 1864 1226 1906 Xuthi
1264 1863 1392 1906 fuisse
1429 1865 1701 1917 contenderit,

171 1948 295 1979 versu
326 1938 429 1980 1288
459 1935 711 1988 obloquitur:

385 2005 479 2047 ἀλλ’
505 2004 797 2058 ἐγενόμεσθα,
826 2004 990 2058 πατρὸς
1017 2004 1057 2045 δ’
1084 2003 1239 2046 ου’σιάν
1267 2003 1385 2056 λέγω.

67 2068 70 2070 ’
131 2099 134 2102 ·
173 2076 288 2128 Quae
323 2076 450 2120 verba
478 2062 738 2130 Musgravius
779 2075 974 2118 mendosa
1001 2075 1210 2121 arbitrans
1247 2075 1305 2117 sic
1345 2074 1452 2117 forte
1479 2076 1702 2117 restituere

173 2147 342 2190 suadet:

389 2214 527 2266 ἄλλως
553 2216 818 2270 §ymen-5602
848 2217 902 2258 ου’
927 2216 1092 2269 πατρὸς
1118 2218 1249 2258 θέσιν
1276 2215 1394 2267 λέγω,

173 2300 267 2331 cum
296 2289 434 2331 Ionem
462 2300 487 2329 a
506 2287 647 2330 Xutho
677 2292 724 2330 ut
749 2287 879 2329 filium
903 2292 1113 2340 receptum
1142 2286 1313 2328 desiisse
1343 2286 1701 2339 dicatApollinem

173 2363 335 2413 patrem
363 2358 426 2401 vel
455 2357 694 2412 adoptivum
722 2358 896 2410 habere,
935 2364 978 2400 et
1005 2359 1063 2400 sic
1091 2360 1251 2399 vertat:
1288 2358 1446 2410 »atqui,
1474 2357 1554 2399 alio
1584 2356 1703 2399 modo

174 2429 230 2471 ad
258 2429 379 2473 deum
397 2430 666 2483 pertinebam,
698 2431 723 2472 i.
750 2420 849 2472 essi
869 2441 952 2471 non
977 2428 1099 2483 filius,
1130 2429 1318 2471 minister
1342 2432 1454 2471 certe
1479 2439 1592 2471 eram
1619 2427 1704 2470 dei:

175 2512 259 2543 non
281 2501 393 2543 renim
423 2501 475 2543 de
501 2513 549 2543 eo
579 2513 685 2544 nunc
714 2504 761 2544 ut
787 2501 837 2543 de
865 2505 986 2554 patre
1013 2500 1208 2554 adoptivo
1236 2500 1421 2554 loquor«.

285 2570 376 2622 Qua
404 2571 642 2614 coniectura
669 2572 704 2614 si
727 2572 913 2626 requiras
932 2571 1044 2624 quod
1066 2571 1120 2614 sit
1144 2571 1352 2622 insulsius,
1379 2569 1572 2623 inspicias
1599 2581 1705 2622 quae
