1924 3019
915 109 965 151 13

0 182 53 220 1272
166 186 177 211 ε

86 279 98 299 -.
148 234 305 299 -fflw,
304 243 544 299 quomodo
548 243 639 298 ipse
662 254 738 287 sua
763 243 999 307 coniectura
1026 243 1101 287 hoc
1127 243 1271 287 vitium
1295 245 1527 291 evitaverit.
1568 247 1700 301 Quod

168 313 359 375 denique
365 310 439 360 vir
465 313 726 359 doctissimus
757 305 892 358 verba
909 304 993 358 non
1021 320 1132 358 recte
1167 327 1330 360 annexa
1355 327 1445 359 esse
1466 313 1701 368 contendit,

169 382 343 442 qnippe
372 394 479 439 quae
528 385 654 428 verba
705 385 814 428 Ionis
858 396 990 438 neque
1042 385 1285 429 confirment
1334 398 1467 440 neque
1509 388 1702 439 augeant,

0 428 37 476 {²5
158 451 446 500 'leirchhoffius
479 457 586 499 hanc
619 454 910 501 difficultatem
948 455 1094 498 tollere
1133 455 1213 499 sibi
1243 457 1356 499 visus
1383 460 1467 511 est,
1505 467 1701 510 cumpro

168 512 322 586 οῧέιᾴῡν
346 526 407 568 ἔτ’
431 525 689 569 scribendum
717 529 970 579 proponeret
999 525 1054 573 ὥς
1080 525 1229 568 οὐκέτ’.
1298 527 1440 580 Neque
1468 527 1599 579 magis
1627 537 1701 571 cur

167 606 244 652 pro
271 597 409 640 verbis
446 596 474 653 ἦ
508 599 697 639 τεκοῦσα
732 596 988 640 scribendum
1025 597 1082 640 sit
1108 596 1161 639 ου’
1196 599 1400 649 τεκοῦσα,
1437 597 1700 648 Hermannus

169 658 265 712 mihi
290 668 507 724 persuasit.
562 668 668 711 Nam
708 667 794 712 sive
831 668 940 711 Ionis
977 667 1065 711 sive
1093 667 1272 711 Creusae
1300 668 1400 711 haec
1439 668 1565 711 verba
1591 671 1700 721 sinit,

130 770 133 778 l
168 740 385 794 oppositio,
413 751 520 793 quae
546 742 613 781 est
639 740 681 781 in
703 738 862 781 duabus
889 739 1080 792 partibus
1095 751 1250 793 versus,
1278 739 1426 781 α’δικεῖ
1447 755 1513 781 νιν
1542 739 1568 782 o‘
1592 737 1701 788 θεός

167 814 211 853 et
238 810 264 861 ἦ
290 810 477 853 τεκοῦσα
501 809 543 851 δ’
568 809 727 862 α’θλία,
765 821 847 853 non
874 809 1060 864 pertinet
1087 809 1140 852 ad
1182 809 1306 852 verba
1336 812 1405 851 νίν
1433 813 1477 852 et
1503 811 1699 863 τεκοῦσα,

167 880 239 923 sed
269 881 324 922 ad
347 881 472 922 verba
492 880 599 928 θεός
617 883 660 921 et
678 883 874 922 τεκοῦσα.
931 880 1084 922 Vitium
1106 881 1233 932 igitur
1253 881 1293 922 in
1319 893 1439 923 versu
1460 881 1594 923 inesse
1613 892 1696 923 non

166 953 409 1004 statuemuS,
429 950 546 992 modo
562 950 757 992 iudicium
775 962 982 992 servemus
1006 949 1190 992 liberum.
1239 950 1376 1001 Quare
1396 949 1698 1002 Schoemannus

85 1033 87 1037 ’
165 1033 326 1074 quoque
364 1021 574 1073 vulgatum
613 1031 802 1064 versuum
845 1021 1028 1062 ordinem
1068 1020 1252 1063 defendit
1276 1021 1317 1062 in
1348 1020 1497 1074 Opusc.
1535 1033 1596 1063 ac.
1625 1020 1697 1074 IV,

164 1103 207 1145 p.
226 1094 329 1133 131.
360 1103 449 1145 sqq.

273 1162 470 1213 Quoniam
488 1173 652 1204 causam
670 1173 750 1203 non
775 1173 865 1203 esse
887 1160 1074 1213 vidimus,
1102 1164 1151 1203 ut
1167 1160 1447 1203 Hermannum
1465 1172 1697 1214 sequamur,

164 1245 272 1275 nunc
295 1231 576 1286 quaerendum
607 1232 699 1285 erit,
726 1243 808 1285 qua
837 1232 998 1274 ratione
1026 1231 1116 1274 loco
1141 1244 1223 1274 non
1252 1232 1357 1273 satis
1383 1231 1577 1285 expedito
1597 1243 1698 1276 ,suc-

163 1314 390 1345 curramuS.
445 1302 549 1344 Nam
582 1313 668 1344 cum
700 1306 823 1355 poeta
853 1314 879 1343 a
907 1314 1030 1344 versu
1060 1304 1138 1343 343
1167 1302 1308 1343 Ionem
1344 1305 1388 1344 et
1415 1301 1610 1344 Creusam
1637 1302 1698 1344 ita

161 1372 300 1415 fecerit
332 1372 623 1425 colloquentes,
653 1376 701 1414 ut
728 1371 836 1414 binis
863 1372 1049 1414 versibus
1078 1372 1341 1414 contineatur
1366 1376 1409 1414 et
1425 1372 1695 1426 interrogatio

162 1445 207 1484 et
245 1442 458 1495 responsio
472 1475 482 1495 ‚
517 1453 686 1495 cumque
726 1442 834 1483 idem
869 1441 968 1483 illud
1007 1453 1219 1483 recurrere
1256 1442 1471 1483 videamus
1507 1442 1695 1487 versibus

164 1516 241 1554 357
272 1517 315 1555 et
346 1515 442 1564 358,
476 1525 554 1566 quo
584 1512 750 1554 tandem
777 1512 900 1554 modo
928 1511 1139 1554 ferendum
1166 1516 1376 1565 putamus,
1411 1511 1521 1566 quod
1551 1525 1577 1555 a
1604 1524 1696 1556 ver-

161 1582 275 1625 sibus
306 1585 385 1624 355
422 1586 465 1625 et
504 1585 583 1624 356
622 1582 729 1624 hanc
765 1582 968 1624 rationem
1006 1581 1190 1624 videmus
1230 1582 1482 1624 abhorrere?
1548 1582 1692 1625 Nonne

160 1653 360 1707 sapientis
386 1657 532 1707 poetae
560 1653 651 1695 fore
678 1653 878 1705 dicamus,
915 1665 1040 1695 versu
1069 1656 1170 1705 355,
1198 1665 1278 1706 quo
1308 1653 1382 1695 Ion
1409 1652 1559 1706 omnia,
1587 1665 1693 1707 quae

160 1723 211 1767 de
252 1727 365 1767 sorte
403 1722 579 1767 feminae
616 1723 724 1766 illius
766 1722 818 1766 ab
854 1721 1043 1777 Apolline
1083 1722 1276 1777 deceptae
1311 1723 1553 1777 audiverat,
1584 1735 1694 1767 com-

159 1795 343 1849 plectens
385 1794 614 1848 Apollinem
656 1795 854 1838 iniustum
906 1794 1163 1848 puellamque
1209 1794 1262 1836 ab
1308 1793 1379 1836 illo
1418 1805 1692 1848 compressam

159 1866 348 1908 miseram
387 1865 591 1919 nominat,
635 1864 733 1907 huic
771 1865 947 1908 sermoni
982 1864 1104 1908 finem
1143 1865 1382 1918 imponere?
1445 1865 1550 1908 Nam
1586 1877 1691 1919 quae

159 1936 305 1979 deinde
344 1939 577 1989 sequuntur
610 1936 671 1978 ita
707 1939 806 1978 sunt
844 1939 1082 1990 comparata
1120 1940 1167 1978 ut
1199 1935 1253 1978 ab'
1280 1935 1477 1989 Euripide
1513 1947 1563 1979 ea
1599 1947 1690 1984 esse

157 2006 344 2061 profecta
369 2006 437 2048 vix
467 2006 564 2048 mihi
591 2007 745 2059 possim
771 2006 1033 2060 persuadere.
1100 2006 1242 2060 Neque
1278 2018 1406 2059 pauca
1435 2010 1552 2059 sunt,
1586 2019 1690 2062 quae

159 2078 213 2120 ad
243 2077 348 2119 hanc
375 2076 670 2129 cogitationem
701 2089 765 2119 me
791 2080 924 2120 totum
961 2077 1067 2120 hunc
1092 2077 1223 2120 locum
1259 2076 1382 2119 etiam
1410 2081 1537 2131 atque
1566 2077 1689 2120 etiam

159 2147 361 2201 legentem
392 2146 666 2188 adduxerunt.
734 2147 915 2190 Primum
943 2159 1033 2190 cum
1063 2147 1302 2190 Hermanno
1330 2148 1518 2200 ineptum
1543 2147 1689 2198 iudico,

160 2219 194 2260 si
241 2217 397 2260 Creusa
443 2216 521 2259 hoc
562 2216 651 2259 loco
697 2218 886 2271 querelas
930 2218 1047 2269 edat,
1093 2218 1204 2271 quod
1257 2217 1361 2260 alios
1408 2218 1563 2261 liberos
1607 2230 1687 2260 non

156 2288 387 2342 pepererit,
445 2299 536 2329 cum
573 2290 687 2330 totus
735 2288 848 2330 locus
896 2289 938 2329 in
974 2288 1192 2341 iniquitate
1241 2288 1442 2341 Apollinis
1488 2292 1687 2331 versetur.

155 2358 377 2414 Postquam
398 2361 538 2400 autem
567 2357 618 2400 de
645 2370 750 2401 nova
777 2357 892 2413 prole
911 2370 1047 2401 sermo
1069 2362 1133 2401 est
1157 2358 1311 2411 illatus,
1340 2359 1409 2413 qui
1433 2358 1520 2402 fieri
1539 2358 1687 2412 potuit,

155 2434 203 2472 ut
235 2430 309 2471 Ion
347 2443 383 2472 v.
416 2432 494 2471 357
535 2442 678 2488 rursus
718 2429 769 2472 de
807 2429 970 2483 perdito
1007 2428 1090 2471 filio
1124 2428 1380 2482 loqueretur,
1417 2430 1471 2472 ab
1498 2428 1687 2482 Apolline

156 2510 253 2542 eum
278 2502 485 2544 servatum
514 2498 618 2541 clam
644 2498 810 2542 educari
849 2499 1111 2553 suspicatus?
1166 2498 1283 2549 Quae
1312 2498 1467 2542 Creusa
1494 2498 1685 2554 deinceps

155 2570 391 2624 respondet,
422 2569 672 2624 Apollinem,
711 2570 745 2613 si
776 2570 887 2614 solus
914 2570 974 2612 eis
1005 2569 1206 2623 gaudeat,
1245 2582 1351 2622 quae
1390 2569 1479 2619 sibi
1506 2582 1599 2613 cum
1635 2581 1684 2612 eo
