1924 3019
839 117 955 159 ‚15

160 252 256 299 noli
289 235 474 296 veterem
493 278 495 285 ‚
517 249 561 293 in
603 260 671 294 me
709 248 888 299 dolorem
932 259 1140 292 revocare.
1209 247 1307 291 Illos
1348 251 1531 302 quatuor
1557 252 1694 293 autem

165 326 310 367 versus
327 322 543 365 356—359
561 319 873 372 interpolatoris
891 330 981 361 esse
1007 331 1084 372 pro
1112 323 1225 362 certo
1252 318 1398 371 habeo,
1423 319 1492 372 qui
1511 320 1697 372 quamvis

149 389 279 440 esset
306 389 427 435 homo
454 389 693 443 ingeniosus
722 391 765 432 et
797 391 921 443 poeta
958 389 1060 432 satis
1097 388 1245 441 bonus,
1284 392 1424 432 tamen
1452 399 1615 442 crassa,
1650 393 1698 434 ut

79 504 82 508 A
165 463 305 514 aiunt,-
339 460 527 503 Minerva
564 459 879 512 colloquentium
918 471 963 502 se
1008 459 1178 501 invicem
1226 459 1502 511 ignorantium
1533 471 1697 502 errores

165 535 329 575 tantum
346 542 438 574 non
462 542 511 573 eo
539 522 731 582 adduxit,
759 533 809 572 ut
835 530 910 572 Ion
938 541 983 572 se
1009 541 1100 572 esse
1127 528 1258 571 filium
1283 529 1478 574 illumab
1508 529 1696 583 Apolline

165 600 416 656 conceptum·
439 601 652 643 coniceret.
719 599 787 642 Sic
822 599 987 642 factum
1014 593 1099 652 est,
1140 604 1188 641 ut
1225 600 1404 643 attentio
1440 597 1696 645 audientium

163 668 403 726 augeretur,
432 669 637 714 sententia
663 669 993 723 perturbaretur.

272 742 418 784 Obiter
448 744 609 783 tantum
637 744 807 793 tangam
837 752 1004 782 versum
1028 742 1128 781 523:

279 811 284 816 “
381 809 568 869 αψομαι·
597 808 675 850 κού
701 809 901 864 ῥυσιάζω,
926 809 1050 863 vdua?
1078 809 1118 851 δ’
1146 809 1329 861 εὑρίσκω
1357 809 1477 863 φίλα,

163 894 255 923 cum
281 882 358 923 hoc
383 881 475 922 loco
502 879 778 932 comparanda
804 882 932 930 ratus,
962 891 1066 932 quae
1095 880 1289 931 leguntur
1317 892 1382 921 vv.
1415 882 1696 921 1404-1407,

167 951 227 993 Ibi
259 951 365 993 enim
385 949 539 994 Creusa
561 949 615 991 ab
634 949 732 992 Ione
752 948 926 991 vinculis
946 949 1171 1001 constringi
1186 949 1299 992 iussa
1317 960 1406 990 cum
1424 948 1696 993 adhaesuram

79 1029 84 1032 ·
165 1034 210 1063 se
238 1033 330 1064 esse
358 1021 469 1063 dicat
496 1025 539 1062 et
566 1020 654 1062 Ioni
682 1023 725 1062 et
752 1019 940 1073 cistulae,
981 1020 1022 1061 in
1049 1031 1131 1072 qua
1159 1019 1227 1062 ille
1256 1023 1348 1061 erat
1377 1019 1697 1075 expositus,thic

164 1093 246 1134 vim
284 1092 362 1134 sibi
397 1090 488 1134 fieri
525 1094 572 1133 ut
616 1090 789 1144 indicet,
837 1091 968 1133 utitur
1009 1090 1133 1136 verbo
1181 1087 1406 1144 ῥυσιάζειν.
1472 1090 1589 1142 Quod
1626 1089 1697 1133 illa

164 1173 322 1218 negans
349 1161 590 1215 respondet:
625 1172 626 1175 ¹

273 1231 363 1273 ου’κ·
391 1231 448 1285 (h.
480 1244 515 1274 e.
545 1230 596 1272 οὔ
624 1229 829 1284 ρυσιιίζει)
859 1230 972 1272 ἀλλά
1010 1233 1104 1279 σοῖς
1129 1230 1315 1285 φίλοισιν
1345 1230 1530 1291 ερρίσκει
1565 1231 1697 1286 φίλος.

165 1301 348 1344 Eandem
384 1301 570 1344 videmus
607 1312 751 1342 versus
775 1303 855 1342 524
893 1300 1093 1342 rationem
1133 1301 1236 1343 esse.
1292 1301 1560 1354 Respondent
1589 1301 1698 1346 enim
1782 1296 1804 1301 '⁸

164 1372 276 1429 illius
304 1371 381 1425 loci
401 1371 563 1414 verbis:
593 1371 852 1424 ἀνθέξομαι,
882 1370 935 1412 οὔ
963 1369 1165 1423 ρυσιάζει,
1193 1370 1379 1424 εὑρίσκει
1396 1371 1537 1416 eodem
1557 1372 1699 1415 ordine

164 1440 244 1484 hoc
280 1441 368 1484 loco
405 1440 554 1484 verba:
593 1438 786 1499 ἅψομαι,
835 1439 887 1482 οὐ
924 1440 1128 1495 ῥυσιάζω,
1167 1441 1359 1493 εὑρίσκω.
1424 1439 1698 1485 offensionem

165 1512 293 1564 igitur
317 1512 361 1554 in
388 1512 658 1565 oppositione,
685 1524 794 1564 quae
822 1515 887 1553 est
914 1512 1025 1560 inter
1050 1511 1177 1554 verba
1207 1511 1394 1565 ῥυσιάζω
1422 1516 1467 1554 et
1502 1511 1697 1566 εὑρίσκω,

164 1581 320 1624 nullam
349 1593 453 1624 esse
475 1585 518 1624 et
555 1581 596 1623 id
634 1581 741 1635 quod
780 1581 930 1645 dicitur
959 1580 1171 1635 ῥυσιάζειι
1206 1593 1256 1624 ex
1284 1581 1396 1624 Ionis
1426 1583 1620 1645 opinione
1647 1579 1710 1624 eo‘

164 1650 289 1702 effici,
326 1651 436 1704 quod
476 1651 597 1694 homo
624 1651 820 1705 profanus
849 1642 1066 1705 personam
1095 1664 1252 1694 sacram
1288 1653 1494 1705 attingat,
1530 1653 1696 1699 demon·

166 1722 323 1764 strasse
359 1721 459 1764 mihi
503 1722 656 1765 videor.
729 1722 951 1765 Praeterea
988 1722 1290 1765 animadvertas
1337 1722 1457 1765 velim
1497 1723 1697 1766 actionem

165 1791 288 1833 huius
306 1792 510 1845 colloquii.
563 1793 725 1835 Xuthus
747 1794 836 1835 Ioni
856 1793 1018 1835 obviam
1045 1794 1211 1835 veniens
1238 1792 1365 1835 filium
1392 1806 1485 1836 eum
1513 1793 1698 1836 nominat

165 1864 210 1903 et
236 1861 397 1905 laetitia
424 1860 561 1906 elatus
590 1863 732 1905 oscula
757 1863 1046 1916 amplexusque
1074 1863 1199 1916 petit,
1238 1863 1385 1907 deinde
1413 1864 1482 1906 ubi
1509 1864 1694 1906 insaniae

165 1931 430 1983 opprobrium
456 1945 482 1974 a
512 1928 556 1977 se
574 1927 809 1975 abhorrere
830 1934 1053 1985 contendit,
1080 1932 1257 1986 propius
1280 1934 1476 1976 accedere
1495 1939 1539 1977 et
1566 1941 1695 1987 paene

140 2001 375 2055 amplecti,
422 2006 509 2047 tum
556 2004 747 2057 repulsus
786 2007 906 2046 tanto
942 2004 1101 2057 impetu
1139 2004 1182 2046 in
1221 2003 1442 2058 fugientem
1488 2005 1696 2048 incurrere

88 2083 92 2087 ·
165 2072 408 2128 cogitandus
437 2077 522 2125 est,
558 2078 606 2116 ut
630 2074 702 2117 ille
727 2075 765 2117 ei
791 2086 930 2117 necem
959 2075 1151 2125 minetur.
1207 2075 1254 2117 In
1282 2086 1362 2127 quo
1389 2075 1501 2127 quod
1529 2074 1696 2119 Xuthus

163 2140 249 2183 fere
277 2142 431 2186 eisdem
468 2144 606 2188 verbis
642 2145 799 2199 utitur,
837 2145 985 2199 quibus
1014 2144 1140 2198 paulo
1169 2148 1290 2197 ante,
1328 2145 1482 2199 optime
1517 2145 1560 2189 id
1596 2145 1693 2191 mihi

164 2212 379 2256 convenire
415 2215 597 2272 videtur·
618 2228 710 2258 cum
738 2216 967 2259 vehementi
996 2219 1113 2258 motu
1151 2218 1305 2269 patris,
1345 2217 1415 2269 qui
1443 2230 1530 2259 rem
1561 2229 1605 2260 se
1633 2218 1695 2260 in-

165 2282 303 2325 venire
331 2285 581 2329 carissimam
608 2286 758 2330 iterum
788 2291 915 2341 atque
944 2287 1091 2330 iterum
1107 2286 1311 2329 affirmat.
1514 2327 1517 2329 .

272 2352 445 2396 Versum
475 2360 577 2414 594,
616 2369 738 2410 quem
775 2357 871 2400 libri
908 2358 1098 2399 mutilum
1136 2358 1194 2400 ita
1230 2358 1450 2410 praebent:
1480 2380 1532 2387 -
1560 2357 1696 2411 μηδὲν

163 2421 235 2463 καὶ
257 2421 391 2488 oddar
419 2421 480 2466 ὧν
507 2425 788 2483 κεκλήσομαι,
813 2431 862 2470 ιιι
886 2430 1096 2482 sanarent,
1125 2428 1202 2472 viri
1230 2428 1340 2471 docti
1369 2428 1409 2470 in
1429 2428 1574 2470 -varias
1601 2439 1695 2472 con—

163 2490 340 2534 iecturas
365 2493 609 2538 inciderunt.
665 2498 744 2541 Ion
764 2510 855 2541 cum
878 2502 999 2550 patre
1026 2498 1086 2540 ire
1104 2494 1300 2540 recusans
1318 2498 1396 2539 duo
1421 2497 1500 2539 sibi
1520 2496 1694 2540 Athenis

163 2560 272 2604 mala
298 2560 387 2606 fore
406 2564 630 2621 contendit,
657 2567 771 2621 quod
799 2568 964 2622 spurius
990 2567 1045 2611 sit
1075 2571 1117 2611 et
1139 2567 1335 2621 advenae,
1367 2578 1446 2609 non
1475 2566 1694 2621 indigenae
