1924 3019
916 125 967 186 29

169 270 251 312 quo
268 269 400 301 essem
429 256 483 299 ab
501 256 692 310 Apolline
718 257 898 309 genitus,
926 256 1001 299 sed
1025 255 1147 310 λόγῳ,
1174 268 1267 299 cum
1286 257 1433 310 omnia,
1461 269 1566 311 quae
1593 256 1702 300 filius

168 328 292 381 patri,
320 339 397 376 ego
425 326 604 379 'Apollini
629 325 820 367 deberem
850 329 894 366 et
919 336 1026 367 nunc
1056 326 1238 377 debeam,
1269 326 1330 367 ita
1357 330 1406 367 ut
1436 330 1549 368 totus
1575 327 1700 368 etiam

168 410 275 440 nunc
302 397 389 439 eius
419 397 496 439 sim
523 396 738 450 proprius3
776 395 924 449 quodsi
955 396 1184 449 Apollinem
1214 409 1321 439 nunc
1349 408 1511 451 quoque
1542 403 1702 450 patrem

168 467 347 522 appello,
383 479 473 509 eam
509 466 705 519 intellego
744 467 960 520 rationem,
1007 478 1111 520 quae
1149 466 1257 507 inter
1298 471 1457 519 patrem
1495 471 1540 510 et
1574 466 1701 510 filium

167 538 423 580 intercedere
463 538 590 590 solet,
630 549 678 579 ex
713 549 796 590 qua
834 537 943 579 filius
982 540 1046 579 est
1085 552 1250 590 πατρος
1279 536 1427 589 οὐσία,
1472 551 1567 580 nam
1599 538 1702 580 deus

167 605 375 650 beneficiis
404 619 468 649 me
499 609 694 660 tanquam
723 607 765 649 in
793 606 884 649 iura
912 618 988 649 sua
1018 605 1276 648 vindicavit«.

277 677 324 719 In
355 689 434 730 quo
464 688 545 718 non
582 676 927 730 praetereundum
956 680 1075 729 puto,
1112 677 1239 718 verba
1275 677 1439 730 πατρὸς
1465 676 1595 719 οὐσία
1620 689 1699 718 non

168 748 219 790 de
246 748 370 789 certis
398 748 608 800 personis,
644 747 717 789 sed
755 746 869 788 velut
902 747 1122 788 terminum
1150 747 1385 799 generalem
1417 746 1701 789 abstractione

167 818 346 871 quadam
383 817 662 871 philosophica
700 817 751 859 de
786 816 1007 860 cuiuslibet
1043 818 1179 870 patris
1219 820 1263 860 et
1300 816 1371 859 filii
1412 817 1573 859 ratione
1609 828 1700 859 esse

166 887 445 940 intellegenda
487 887 661 941 ideoque
711 886 829 929 facile
875 890 1069 940 tanquam
1120 886 1401 940 parenthesin,
1447 886 1564 928 nulla
1605 898 1701 929 con-

165 960 372 1001 iunctione
400 959 554 1010 addita,
584 959 768 1011 potuisse
799 958 982 1010 adnecti3
1012 971 1105 999 nam
1137 958 1235 999 illud
1264 958 1317 998 δέ
1331 963 1505 999 metrum
1526 959 1697 1010 respuit.

165 1029 389 1071 Plurimum
420 1032 556 1069 autem
585 1028 684 1070 lucis
713 1028 822 1069 Ionis
863 1039 1104 1081 responsum
1136 1028 1321 1080 accipere
1352 1028 1512 1068 videtur
1541 1039 1563 1068 e
1591 1039 1698 1069 com-

164 1100 379 1152 paratione.
424 1110 564 1140 versus
610 1101 734 1150 1324,
788 1098 858 1140 ubi
911 1098 986 1140 Ion
1041 1098 1299 1140 discessurus
1343 1098 1466 1139 etiam
1507 1097 1696 1150 Pythiam

166 1173 337 1210 matrem
368 1168 559 1210 dilectam
589 1168 795 1220 nominat,
837 1168 977 1210 eodem
1019 1168 1142 1208 modo
1180 1179 1261 1220 quo
1297 1167 1524 1220 Apollinem
1554 1173 1697 1209 nostro

164 1240 252 1281 loco
282 1239 416 1281 adhuc
442 1251 516 1291 pro
543 1242 664 1291 patre
691 1238 768 1280 sibi
796 1250 887 1280 esse
916 1237 1115 1291 affirmat3
1146 1238 1188 1280 in
1217 1250 1298 1291 quo
1330 1237 1534 1290 Euripidis
1553 1236 1698 1280 huma-

163 1322 262 1351 num
292 1309 500 1361 ingenium
529 1309 830 1360 cognoscimus,
870 1308 938 1361 qui
968 1308 1151 1350 iuvenem
1179 1308 1290 1350 illum
1321 1308 1445 1350 etiam
1476 1312 1695 1361 postquam

163 1380 386 1432 genitorem
415 1379 582 1430 invenit,
613 1379 753 1420 eodem
783 1390 862 1431 quo
891 1382 1015 1420 antea
1043 1390 1142 1431 erga
1170 1377 1457 1420 beneficiorum
1487 1384 1696 1420 auctorem

163 1451 299 1491 auimo
331 1461 422 1491 esse
450 1448 627 1490 finxerit.
1093 1501 1096 1504 ἢ

277 1519 478 1570 Quoniam
508 1519 581 1561 Ion
613 1529 657 1560 se
685 1518 821 1561 adhuc
839 1517 1035 1571 Apollinis
1064 1519 1275 1572 proprium
1292 1530 1381 1561 esse
1400 1518 1516 1572 dixit,
1545 1519 1699 1573 optime

164 1590 322 1633 Creusa
350 1589 597 1643 respondere
626 1593 787 1641 potest:
828 1590 964 1642 »prius
991 1589 1152 1642 quidem
1183 1601 1275 1631 eras
1304 1590 1384 1642 dei,
1423 1601 1531 1631 nnnc
1558 1578 1696 1632 autem

162 1674 237 1713 ego
276 1661 340 1702 dei
383 1673 492 1713 sum,
543 1664 588 1702 tu
624 1672 703 1702 non
742 1660 820 1702 iam
860 1671 950 1713 es«,
993 1660 1142 1714 quippe
1180 1672 1283 1713 quae
1327 1660 1376 1702 ‹le
1418 1660 1527 1702 vocis
1566 1661 1698 1703 ου’σία

159 1732 329 1785 propria
357 1731 590 1784 possidendi
618 1731 785 1772 notione
813 1730 1000 1783 cogitans
1029 1730 1239 1783 paululum
1270 1731 1321 1772 ab
1351 1731 1460 1773 Ionis
1491 1731 1696 1773 sententia

162 1801 339 1844 differat.

269 1871 421 1912 Versus
462 1873 722 1912 1489—-1491
782 1874 830 1912 ut
859 1870 957 1912 libri
999 1870 1213 1912 exhibent:
1277 1874 1497 1924 παρθένια
1538 1871 1577 1911 δ’
1590 1872 1697 1925 ἐμᾶς

159 1947 341 1995 ματέρος
376 1940 588 1994 σπάργαν’
612 1940 839 1996 ἀμφίβολά
888 1953 957 1983 σοι
1000 1940 1109 1982 τάδε
1152 1942 1319 2000 ἐνῆψα,
1365 1942 1554 1995 κερκίδος
1590 1942 1696 1996 ἐμάς

160 2011 371 2064 πλάνους,
411 2023 542 2064 neque
582 2016 722 2063 aptam
763 2012 1011 2054 sententiam
1047 2013 1245 2065 praebere
1273 2024 1404 2065 neque
1431 2017 1607 2054 metrum
1635 2012 1695 2053 in—

162 2086 322 2134 tegrum
350 2093 548 2133 servasse,
580 2081 660 2123 iam
688 2081 840 2124 dudum
868 2082 920 2124 ab
947 2082 1178 2124 editoribus
1205 2083 1411 2134 cognitum
1434 2087 1511 2135 est,
1541 2083 1695 2125 varias·

160 2163 237 2205 que
267 2152 544 2204 coniecturas,
574 2151 723 2205 quibus
751 2151 884 2194 locum
913 2157 1125 2205 sanarent,
1154 2152 1228 2194 viri
1254 2152 1361 2194 docti
1389 2152 1666 2206 protulerunt.

267 2223 472 2275 Imprimis
504 2222 732 2264 haeserunt
767 2224 808 2264 in
845 2223 1113 2275 explicatione
1150 2224 1320 2275 genitivi
1361 2225 1468 2276 ἐμᾶς
1501 2230 1693 2277 ματέρος,

158 2303 277 2345 quem
320 2304 458 2345 nemo,
500 2296 701 2345 quantum
744 2293 890 2345 sciam,
942 2292 1161 2335 defendere
1195 2296 1258 2334 est
1297 2298 1480 2336 conatus.
1548 2294 1691 2346 ltaque

158 2363 409 2414 extiterunt,
448 2363 516 2416 qui
551 2362 734 2404 Paleium
774 2363 904 2405 secuti
941 2376 1015 2416 pro
1050 2364 1156 2417 ἐμᾶς
1175 2364 1406 2416 *genitivum
1434 2367 1516 2412 σᾶς
1542 2363 1692 2406 substi-

160 2433 357 2475 tuendum
386 2436 596 2486 putarent,
628 2437 674 2476 ut
702 2433 801 2475 mihi
831 2432 1001 2486 videtur,
1032 2434 1251 2476 admodum
1283 2433 1505 2476 artificiosa
1532 2434 1692 2476 ratione

157 2504 241 2555 usi,
269 2516 348 2545 non
378 2504 511 2546 minus
540 2515 662 2556 quam
690 2504 936 2557 Barnesius,
972 2504 1045 2556 qui
1071 2517 1147 2558 pro
1176 2505 1283 2558 ἐμᾶς
1311 2504 1567 2546 scribendum
1597 2517 1690 2558 pro-

157 2574 295 2626 posuit
323 2575 441 2627 ἐμοῦ.
507 2573 649 2627 Neque
684 2574 806 2616 aliter
842 2573 966 2617 talem
1004 2575 1203 2617 rationem
1239 2575 1476 2627 intellegere
1508 2587 1690 2629 possum,
