1924 3019
899 175 950 216 18

147 309 341 354 attulisse
349 309 405 364 ²⁸),
434 302 539 354 haec
573 310 698 353 verba
733 307 947 352 referenda
982 311 1081 351 sunt
1117 308 1172 351 ad
1208 308 1322 352 iilam
1358 310 1501 363 regiae
1530 311 1680 357 domus

148 380 518 434 perturbationem,
546 391 652 434 quae
672 390 921 433 quamquam
938 379 1107 434 proprie
1135 379 1190 422 ad
1206 379 1318 423 Ionis
1340 391 1482 424 necem
1497 384 1687 444 spectare
1741 415 1746 420 .
1795 373 1798 376 ’

148 452 314 502 videtur
331 451 483 506 (δῶμα
499 455 683 504 συγχέας
707 449 839 506 ἔχῃς),
865 457 1003 493 tamen
1023 449 1125 492 nihil
1144 449 1297 502 obstat,
1323 451 1688 504 quominusetiain
1753 504 1758 508 ¹

147 521 278 565 Xuthi
315 521 531 563 interitum
571 520 635 563 his
667 520 800 563 verbis
836 519 1008 562 indicari
1039 523 1294 573 statuamus,
1331 519 1533 575 siquidem
1563 521 1690 564 rerba

149 597 331 647 συγχέας
358 593 458 647 ἔχῃς
483 594 562 645 per
589 591 913 644 euphemismuni
943 589 1053 632 dicta
1079 595 1287 643 putamus.
1303 602 1380 644 pro
1402 592 1568 644 passiva
1595 604 1689 635 con-

147 663 376 705 structione
405 662 536 716 δῶμα
558 663 769 717 συγχυθῇ.
824 661 887 703 Ne
917 661 1054 703 Ionem
1079 661 1120 702 in
1149 650 1297 704 timore
1316 661 1500 704 dicamus
1520 661 1687 705 nimium

148 744 259 776 esse:
298 732 566 788 ipsayfabula
601 731 833 785 procedens
867 731 1004 784 docet,
1045 742 1168 785 quam
1206 743 1303 773 vere
1336 723 1501 774 iuvenis
1528 732 1686 774 iudica-

144 804 265 845 verit.
331 803 437 846 Nam
476 815 558 846 non
595 803 715 845 modo
755 802 844 844 Ioni
883 801 1040 844 Creusa
1077 805 1222 855 postea
1261 814 1400 845 necem
1428 807 1567 856 parat,
1610 803 1684 845 sed

116 873 332 916 ⁷Xuthum
371 884 532 926 quoque
569 884 662 915 cum
708 872 793 914 filio
829 872 1032 925 perimere
1078 872 1343 925 paedagogus
1381 872 1449 914 ille
1492 873 1682 916 versibus
1738 930 1740 932 ι

143 947 226 986 845
255 955 317 997 sq.
348 943 507 986 suadet.
571 943 709 985 Verba
738 942 851 984 Ionis
882 942 1011 996 igitur
1037 953 1171 996 neque
1198 953 1224 984 a
1253 954 1541 996 personarum,
1580 955 1685 997 quas

133 1001 267 1068 'poeta
294 1013 371 1055 hac
398 1012 539 1055 fabula
567 1012 741 1066 inducit,
778 1012 946 1065 ingenio
983 1012 1210 1055 abhorrent
1248 1016 1292 1055 et
1315 1025 1408 1055 cum
1435 1013 1562 1066 ipsius
1591 1025 1687 1056 sen-

145 1084 272 1126 tiendi
303 1082 576 1136 loquendique
605 1082 766 1124 ratione
794 1083 947 1136 optime
976 1083 1238 1124 conveniunt.
1300 1078 1302 1080 ’
1648 1115 1652 1118 ,

252 1153 331 1203 Ubi
354 1151 512 1195 Creusa
539 1152 688 1194 iterum
716 1152 757 1194 in
787 1163 949 1194 scenam
979 1152 1175 1205 prodiens
1204 1152 1488 1206 paedagogum
1518 1153 1683 1195 lassitu-

143 1223 229 1265 dini
256 1222 378 1281 nimis
406 1222 623 1275 indulgere
650 1226 785 1275 vetat,
813 1222 882 1264 ille
911 1234 1034 1265 versu
1064 1224 1142 1264 746
1167 1222 1414 1276 respondet:

360 1290 516 1335 οὔκουν
544 1292 653 1334 ἑκών
670 1305 728 1346 γε·
755 1294 834 1333 τοῦ
855 1292 895 1333 δ’
920 1289 1100 1341 ἄκοντος
1123 1285 1176 1334 ου’
1202 1294 1355 1345 κρατῶ.

143 1364 245 1414 Cum
263 1376 353 1406 ·vox
378 1359 558 1411 ἄκοντος
573 1367 720 1406 contra
739 1367 914 1411 metrum
930 1363 996 1416 sit,
1024 1375 1165 1406 omnes
1190 1364 1374 1406 editores
1402 1364 1679 1406 coniecturam

141 1433 299 1478 Reiskii
328 1432 520 1482 ἀπόντος
545 1438 809 1492 receperunt,
848 1434 935 1476 sine
978 1433 1101 1476 dubio
1138 1433 1217 1477 hoc
1246 1434 1448 1482 vocabulo
1477 1434 1680 1477 defectum

140 1505 290 1547 virium
328 1504 500 1546 indicari
536 1504 742 1546 arbitrati.
809 1503 888 1546 Sed
919 1508 1212 1557 praeterquam
1241 1504 1351 1558 quod
1380 1505 1565 1558 exempla
1591 1505 1679 1547 eius

142 1580 242 1617 usus
272 1574 481 1626 desidero,
521 1585 603 1626 quo
629 1575 679 1615 τὸ
707 1573 827 1615 α’πόν
855 1575 911 1616 sit
938 1586 1016 1626 pro
1044 1574 1326 1627 substantivo,
1364 1575 1540 1617 ieiunam
1576 1578 1679 1627 puto

141 1644 388 1686 sententiam
417 1655 521 1695 esse,
545 1655 638 1685 cum
666 1642 794 1685 dicas:
825 1654 874 1685 ea
902 1655 1008 1696 quae
1036 1655 1100 1685 me
1123 1643 1371 1697 defecerunt,
1401 1656 1481 1685 non
1511 1649 1611 1686 sunt
1635 1644 1676 1685 in

64 1705 68 1709 ’
140 1726 234 1758 mea
270 1717 492 1768 potestate.
550 1712 820 1766 Paedagogus
857 1713 1014 1766 absque
1053 1712 1176 1756 dubio
1216 1713 1352 1756 dicere
1391 1714 1500 1767 vult,
1540 1714 1681 1756 volun-

139 1788 270 1829 tatem
299 1784 451 1827 bonam
479 1795 588 1837 esse,
627 1784 699 1827 sed
739 1784 848 1827 vinci
884 1784 1067 1838 corporis
1106 1783 1333 1827 debilitate.
1398 1783 1525 1827 Cuius
1552 1784 1681 1838 igitur

139 1856 201 1899 rei
228 1867 312 1898 non
342 1855 424 1898 iam
451 1858 517 1897 est
546 1855 740 1908 compos?
803 1854 1043 1897 Voluntatis
1075 1854 1228 1897 liberae
1255 1854 1343 1898 sive
1370 1856 1459 1898 eius
1487 1855 1680 1908 notioniS,

138 1938 260 1980 quam
289 1926 357 1968 ille
385 1925 541 1967 indicat
568 1925 693 1967 verbo
721 1923 829 1966 ἑκών
857 1924 896 1967 h.
929 1937 963 1967 e.
995 1928 1195 1978 quantum
1220 1925 1263 1968 in
1293 1937 1380 1978 me,
1416 1926 1457 1968 in
1487 1938 1579 1968 mea
1608 1937 1680 1968 vo-

136 1996 302 2040 luntate
328 1999 372 2038 et
397 1998 613 2049 potestate
641 1999 718 2037 est.
775 1988 1044 2038 scribendum
1072 1995 1223 2048 igitur:

354 2062 509 2107 οὔκουν
537 2064 647 2107 ἑκών
672 2076 729 2118 γε·
759 2067 838 2107 τοῦ
865 2066 904 2106 δ’
932 2064 1104 2114 ἑκόντος
1128 2064 1180 2107 οὐ
1206 2067 1361 2119 κρατῶ.

138 2135 338 2178 Neutrius
368 2134 534 2188 generis
563 2135 675 2177 illum
702 2135 928 2188 genitivum
958 2147 1050 2178 esse
1064 2136 1239 2189 quisque
1266 2135 1391 2178 videt.
1447 2135 1508 2184 Ne
1535 2137 1677 2179 eadem

137 2218 219 2249 vox
249 2210 334 2247 tam
361 2217 489 2259 parvo
518 2204 735 2247 intervallo
763 2205 940 2259 repetita
963 2209 1005 2248 te
1029 2204 1227 2259 ostendat,
1253 2204 1439 2248 conferre
1468 2206 1561 2249 huic
1590 2206 1678 2248 loco

137 2276 242 2319 libet
269 2275 359 2329 Iph.
388 2275 480 2318 Aul.
512 2287 548 2318 v.
580 2277 676 2317 658:

354 2344 475 2387 θέλω
501 2357 559 2399 γε·
587 2345 637 2386 τὸ
663 2344 812 2387 θέλειν
837 2343 955 2386 δὀὐκ
984 2346 1093 2397 ἔχων
1121 2344 1368 2399 ἀλγύνομαι.

227 2525 268 2571 *)
290 2524 334 2561 ln
348 2523 502 2560 relativo
517 2523 596 2562 ὅσας
611 2523 703 2559 inest
720 2523 775 2559 vis
798 2524 964 2570 causalis,
990 2524 1096 2569 quasi
1112 2522 1246 2560 dictum
1260 2528 1373 2560 essetz
1398 2526 1472 2559 ἐπεὶ
1499 2526 1678 2570 τοσαύτας,

135 2581 239 2618 cuius
260 2578 352 2618 usus
372 2581 474 2626 piget
496 2580 663 2625 exempla
690 2580 830 2617 afferre.
877 2580 1024 2617 Heathii
1039 2580 1280 2618 coniecturam
1304 2581 1485 2627 φαρμάκων
1505 2595 1543 2616 τε
1562 2584 1675 2615 aava·
1711 2600 1714 2603 >

134 2641 242 2679 oeno·
262 2648 342 2674 cum
363 2638 456 2674 ratio
479 2637 629 2674 metrica
652 2640 725 2673 tum
750 2637 939 2673 verborum
962 2637 1179 2674 constructio
1202 2637 1372 2682 postulat.
