1924 3019
292 780 398 855 Cum
426 811 536 854 Ionis
564 809 727 853 fabulae
756 810 1004 863 Euripideae
1031 813 1184 861 textus,
1214 810 1284 863 qui
1311 813 1505 865 vocatur,
1535 813 1697 857 duobus

165 885 326 924 tantum
356 880 573 923 deterioris
603 884 727 921 notae
756 880 870 922 libris
898 880 1080 933 nitatur,
1112 879 1248 921 codice
1277 880 1321 921 B.
1341 880 1532 923 Palatino
1557 895 1595 924 n.
1619 887 1697 926 287

165 958 208 994 et
244 953 382 995 codice
422 952 465 994 G.
504 951 742 993 Florentino
773 951 953 1002 XXXII,
997 964 1034 992 n.
1073 953 1120 1001 2,
1178 951 1286 1003 quod
1337 964 1465 1003 genus
1503 952 1698 997 librorum

165 1023 387 1064 secundum
427 1021 721 1063 Kirchhoffium
763 1022 950 1063 manavit
988 1034 1034 1064 »e
1063 1021 1167 1062 libro
1197 1021 1333 1062 seculo
1371 1022 1533 1074 quidem
1576 1025 1698 1067 tertio

165 1094 321 1136 decimo
352 1093 608 1145 antiquiore,
646 1092 718 1133 sed
749 1092 817 1144 qui
847 1092 1155 1144 interpolatoris
1184 1104 1348 1134 manum
1373 1097 1415 1134 et
1444 1097 1700 1145 grammatici

165 1168 207 1205 et
235 1163 392 1205 metrici
427 1162 575 1204 fuisset
614 1165 807 1215 expertus
846 1162 1007 1203 minime
1045 1162 1365 1215 verecundam«,
1416 1162 1483 1217 fit,
1538 1169 1585 1207 ut
1618 1178 1698 1208 non

163 1233 282 1275 modo
315 1234 552 1286 saepissime
580 1233 788 1274 mutandis
823 1233 921 1274 locis
961 1232 1220 1285 depravatis,
1252 1234 1324 1275 sed
1364 1234 1428 1275 hic
1462 1235 1544 1277 illic
1574 1237 1698 1279 etiam

163 1304 369 1348 eiiciendis
410 1303 671 1356 interpolatis
716 1307 873 1345 textum
921 1303 1085 1345 fabulae
1132 1302 1430 1345 emendandum
1469 1317 1559 1347 esse
1609 1319 1699 1350 cum

164 1374 399 1426 Dindorfiis,
429 1374 629 1427 Nauckio,
659 1374 751 1416 aliis
783 1374 1025 1426 existimem3
1056 1385 1138 1426 qua
1168 1375 1375 1415 sententia
1397 1375 1542 1418 ductus
1567 1389 1701 1430 pauca

163 1444 239 1486 hoc
267 1445 401 1486 libello
427 1445 480 1497 ad
511 1444 806 1486 emendandam
832 1443 1013 1489 fabulam
1042 1444 1229 1486 conferre
1260 1445 1449 1486 conabor.

270 1516 422 1558 Versus
451 1514 692 1568 98—101*)
724 1516 764 1557 in
795 1515 911 1557 libris
940 1515 1133 1568 leguntur
1163 1514 1239 1557 hoc
1267 1515 1410 1557 modo:

378 1584 523 1637 στόμα
548 1586 586 1625 τ’
596 1583 791 1640 εὔφημον
821 1586 1034 1640 φρουρεῑτ’
1060 1585 1245 1637 ἀγαθόν,

379 1655 524 1712 φήμας
552 1657 588 1696 τ’
608 1656 783 1710 α’γαθοὲς

378 1729 466 1774 τοῖς
494 1727 722 1769 ἐθέλουσιν
748 1725 1049 1779 μαντεύεσθαι

379 1795 571 1852 γλώσσης
601 1797 713 1846 ἰδίας
741 1798 1020 1852 ἀποφαίνειν.

162 1866 209 1909 In
240 1866 387 1920 quibus
418 1867 671 1920 explicandis
696 1878 943 1921 quamquam
966 1866 1042 1908 viri
1064 1865 1289 1908 doctissimi
1319 1877 1468 1919 magna
1487 1866 1700 1920 diligentia

163 1942 259 1979 sunt
288 1939 460 1989 versati,
496 1942 636 1979 *tamen
676 1951 757 1979 non
790 1939 1002 1990 indignum
1033 1950 1180 1979 censeo
1216 1937 1258 1978 in
1289 1937 1363 1979 hos
1393 1950 1536 1980 versus
1567 1939 1699 1981 denuo

163 2007 394 2051 accuratius
434 2008 651 2062 inquirere.
721 2008 950 2052 Difficultas
988 2008 1065 2051 loci
1104 2007 1362 2061 potissimum
1398 2008 1534 2060 posita
1563 2013 1628 2053 est
1657 2009 1699 2052 in

164 2078 370 2119 vocabulis
399 2078 573 2130 οἷγαθόν
609 2084 652 2121 et
678 2081 964 2134 ἀποφαίνει-ν,
1004 2092 1096 2123 cum
1134 2080 1309 2120 alterum
1349 2079 1450 2120 illud
1485 2092 1567 2121 non
1605 2084 1700 2133 apte

164 2160 255 2191 cum
284 2147 419 2190 verbis
449 2147 594 2202 στόμα
628 2146 823 2206 εὔφημον
860 2150 1052 2203 coniungi
1088 2150 1244 2203 possit,
1297 2148 1525 2192 infinitivus
1556 2153 1698 2192 autem

164 2219 427 2271 ἀποφαίνειν
466 2231 545 2259 non
585 2220 757 2272 habeat,
805 2233 885 2273 quo
935 2220 1161 2271 referatur,
1212 2220 1291 2260 nisi
1331 2219 1576 2261 infinitivum
1624 2233 1698 2273 pro

163 2288 406 2341 imperativo
435 2289 615 2341 positum
646 2303 736 2333 esse
766 2291 886 2342 velis,
913 2290 1022 2343 quod
1053 2294 1152 2332 sunt
1179 2290 1248 2343 qui
1277 2293 1479 2333 statuant.
1535 2290 1699 2334 Utram-

163 2369 242 2410 que
269 2356 550 2400 difficultatem
580 2359 723 2402 tollere
753 2361 829 2403 sibi
859 2361 973 2402 visus
1005 2364 1070 2402 est
1095 2361 1141 2402 L.
1162 2359 1416 2413 Dindorfius,
1445 2372 1564 2413 quem
1590 2360 1702 2402 Guil.

164 2427 397 2470 Dindorfius
423 2433 585 2473 secutus
613 2434 689 2482 est,
718 2431 902 2473 scribens
924 2433 1126 2486 φρουρεῖν
1153 2429 1338 2484 ἀγαθόν,
1366 2435 1412 2472 ut
1430 2435 1473 2473 et
1496 2434 1699 2485 φρουρεῖν

253 2578 291 2623 *)
314 2577 460 2614 Numeri
484 2582 567 2614 sunt
590 2579 756 2616 editionis
784 2580 1027 2617 Nauckianae.

1429 2650 1445 2684 1
1457 2649 1474 2668 t
