1924 3019
911 194 963 233 34

286 324 392 369 Nam
413 327 700 381 interpolatori
723 327 779 369 illi
800 339 882 370 non
902 332 1000 382 apte
1019 330 1235 372 convenire
1253 329 1431 373 Creusae
1447 340 1710 384 responsum:

177 397 324 437 ἔτεκον
349 397 439 438 κτλ.
472 397 691 439 videbatur
719 398 760 439 in
788 399 1016 451 paedagogi
1046 399 1434 451 interrogationem:

392 459 488 523 κᾷτ’
516 466 751 527 ἐξέκλεψας
777 469 870 517 πῶς
896 466 1153 517 ’Λπόλλωνος
1181 468 1341 524 γάμους
1349 485 1365 521 ,·

177 537 279 589 quia
303 548 396 579 eum
426 537 471 580 id
498 538 756 590 potissimum
786 539 964 590 putabat
991 551 1180 591 rogasse,
1221 539 1420 593 quomodo
1447 539 1518 581 illa
1546 540 1712 592 nuptias

177 607 264 651 sive
291 610 457 661 partum
483 607 722 661 celavisset,·
752 620 880 662 quare
908 612 957 652 ut
986 610 1027 652 in
1056 613 1177 652 antro
1205 621 1248 652 se
1275 610 1410 653 solam
1435 609 1595 652 enixam
1622 602 1714 653 esse

178 677 331 721 diceret
359 677 537 730 Creusa,
566 679 671 720 duos
700 678 793 721 illos
822 681 1208 736 versusjnteriecit.

286 748 335 790 In
364 760 446 802 quo
471 748 583 790 illum
615 749 728 790 verbi
765 750 1012 792 ἐκκλέπτειν
1046 751 1251 792 notionem
1293 750 1484 792 fefellisse
1523 750 1715 802 arbitror,

178 830 304 874 quam
333 818 384 861 de
411 819 582 861 celanda
608 819 748 872 aliqua
778 832 822 861 re
852 822 1046 874 usurpari
1074 833 1196 874 posse
1218 833 1462 874 quamquam
1484 832 1567 862 non
1597 832 1715 873 nego,

179 892 315 930 tamen
351 900 455 941 quae
495 888 650 931 Creusa
695 890 940 942 respondet:
1001 892 1156 931 ἔτεκον·
1202 890 1396 943 ἀνάσχου
1451 890 1573 931 ταῦτ’
1611 891 1718 944 ἐμοῦ

178 957 337 1009 κλύων,
371 963 515 1011 γέρον,
553 959 614 1001 ita
638 958 749 1001 dicta
774 960 992 1013 videntur,
1034 961 1153 1013 quasi
1181 961 1336 1012 aliquid
1367 972 1519 1002 novum
1549 965 1591 1001 et
1619 972 1715 1013 pae-

180 1029 342 1083 dagogo
374 1029 680 1083 inexpectatum
705 1029 868 1083 dixerit,
898 1042 989 1072 cum
1017 1042 1060 1073 se
1082 1032 1302 1084 peperisse
1324 1029 1518 1073 fateatur.
1549 1030 1716 1073 Gravis-

179 1100 330 1142 simum
368 1099 474 1141 enim
511 1102 577 1141 est
610 1099 778 1141 verbum
816 1101 982 1152 ἔτεκον,
1027 1104 1070 1142 et
1108 1112 1189 1153 quo
1230 1101 1385 1143 Creusa
1422 1112 1564 1143 omnes
1602 1100 1718 1143 dubi-

179 1170 360 1213 tationes
389 1182 600 1212 removere
631 1170 838 1224 videatur,
887 1172 1004 1224 quasi
1043 1173 1209 1225 nuptias
1250 1177 1393 1225 partus
1435 1184 1518 1213 non
1554 1175 1716 1214 secutus

180 1241 247 1283 sit.
302 1240 453 1293 Itaque
481 1252 504 1282 e
533 1240 713 1282 Creusae
751 1243 958 1283 sententia
1004 1242 1128 1284 verbo
1157 1242 1402 1283 ἐκκλέπτειν
1441 1242 1550 1283 inest
1579 1241 1716 1283 notio:

180 1311 400 1364 frustrari,
452 1311 616 1353 irritum
659 1310 812 1364 facere,
863 1312 1013 1353 malum
1052 1317 1243 1354 eventum
1282 1313 1450 1354 evitare.
1514 1312 1575 1354 Ne
1613 1312 1720 1365 quis,

181 1381 281 1435 quia
307 1380 360 1423 ab
387 1381 479 1434 ipso
506 1380 746 1434 paedagogo
777 1381 828 1424 de
864 1385 1004 1434 partu,
1027 1382 1107 1423 iam
1151 1394 1272 1424 versu
1301 1384 1380 1424 932
1421 1382 1573 1424 mentio
1609 1382 1720 1426 facta

182 1452 250 1502 sit,
278 1463 370 1493 eum
391 1450 561 1493 verbum
580 1451 827 1492 ἐκκλέπτειν
846 1451 917 1493 illa
945 1452 1114 1493 notione
1143 1464 1366 1505 usurpasse
1387 1457 1532 1504 neget:
1563 1453 1605 1493 in
1630 1455 1719 1493 tota

182 1520 251 1564 ille
281 1532 326 1564 se
355 1519 496 1563 fabula
524 1520 728 1563 hominem
756 1520 938 1563 ostendit
962 1522 1114 1574 ingenii
1143 1522 1363 1564 admodum
1393 1522 1552 1574 senilis,
1590 1533 1719 1575 quare

182 1592 307 1634 etiam
336 1591 413 1634 hoc
441 1591 531 1634 loco
560 1603 647 1633 rem
676 1603 797 1645 quam
827 1591 1005 1634 debebat
1032 1596 1294 1645 perspectam
1321 1592 1493 1644 habere,
1533 1592 1665 1635 denuo
1697 1604 1719 1633 e

184 1662 338 1706 Creusa
355 1666 637 1715 percontatur,
663 1663 820 1716 pariter
842 1674 890 1705 ac
916 1663 953 1705 si
974 1662 1108 1705 adhuc
1132 1663 1231 1705 nihil
1258 1664 1310 1706 de
1339 1676 1388 1706 ea
1415 1676 1460 1706 re
1484 1663 1718 1706 audivisset.

182 1733 324 1788 Neque
339 1733 476 1775 minus
494 1745 632 1775 rerum
655 1733 1018 1776 minutissimarum
1035 1745 1126 1776 eum
1145 1737 1230 1775 tam
1253 1735 1457 1777 curiosum
1478 1734 1719 1787 reperimus,

182 1808 231 1847 ut
256 1815 390 1857 paene
417 1804 542 1845 risum
581 1807 758 1845 moveat.
824 1803 1029 1857 Compara
1062 1804 1181 1845 modo
1224 1817 1386 1847 versum
1416 1808 1512 1847 902:
1551 1803 1720 1856 μαστὸν

181 1873 372 1917 διώκοντ’
400 1873 488 1916 κτλ.

293 1945 394 1988 Cum
406 1945 548 1987 eiectis
557 1945 741 1987 versibus
758 1948 837 1987 948
845 1950 888 1987 et
898 1948 976 1987 949
985 1945 1081 1987 huic
1091 1945 1177 1987 loco
1189 1944 1387 1987 medelam
1400 1944 1718 1994 adhibuerimus,

184 2015 267 2058 alia
293 2026 455 2069 quoque
483 2014 523 2056 in
552 2013 630 2057 hoc
656 2014 854 2071 colloquio
879 2027 946 2057 res
963 2018 1103 2067 ⁴extat,
1132 2026 1238 2067 quae
1260 2014 1527 2056 offensionem
1554 2025 1718 2056 movere

182 2085 326 2139 possit.
381 2085 486 2127 Nam
516 2084 746 2128 Mercurius
776 2086 816 2127 in
844 2086 1014 2138 prologo
1044 2098 1109 2127 vv,
1136 2088 1184 2127 18
1213 2088 1255 2127 et
1274 2088 1324 2126 27
1351 2085 1509 2126 dixerat
1522 2084 1718 2127 Creusam

184 2155 326 2198 Ionem
363 2160 411 2199 ut
445 2155 691 2198 moriturum
720 2156 979 2209 exposuisse;
1018 2156 1108 2209 ipsa
1136 2169 1173 2198 v.
1203 2158 1304 2209 965,
1343 2168 1433 2198 cum
1461 2155 1719 2207 interrogata

186 2229 321 2277 esset,
360 2238 433 2268 cur
460 2225 586 2269 filium
618 2226 899 2280 exposuisset,
944 2226 1172 2281 Apollinem
1209 2238 1302 2268 eum
1332 2229 1592 2269 servaturum
1631 2236 1719 2267 esse

186 2309 231 2340 se
267 2297 516 2339 arbitratam
552 2298 774 2339 contendit.
843 2298 948 2349 Quid
976 2298 1136 2350 igitur?
1174 2298 1319 2340 Nonne
1347 2297 1613 2350 neglegenter
1643 2296 1719 2339 hoc

186 2367 275 2411 loco
304 2367 541 2421 Euripidem
574 2368 715 2410 fecisse
745 2368 958 2411 dicamus?
998 2369 1055 2410 At
1091 2380 1181 2411 cum
1210 2368 1437 2411 Mercurius
1466 2380 1503 2410 v.
1534 2370 1585 2409 26
1614 2378 1719 2409 com·

185 2443 386 2481 memoret
425 2443 639 2492 serpentes
677 2439 768 2481 illos
806 2451 973 2492 aureos,
1021 2440 1062 2481 in
1107 2439 1252 2492 quibus
1291 2440 1347 2480 τοὶ
1385 2444 1514 2480 τέκνα
1548 2444 1719 2493 τρέφειν

189 2520 276 2551 mos
313 2508 437 2551 fuerit
463 2508 738 2560 Erechthidis,
780 2509 928 2551 infanti
957 2523 981 2551 a
1013 2509 1169 2551 Creusa
1207 2510 1376 2552 iniectos
1404 2522 1517 2560 esse,
1559 2514 1602 2551 et
1629 2510 1719 2561 ipsa

190 2579 329 2623 multis
356 2579 457 2622 locis
485 2579 713 2634 Apollinem
742 2581 923 2633 incuset,
965 2580 1075 2633 quod
1104 2592 1224 2623 suum
1252 2585 1295 2623 et
1323 2581 1453 2634 ipsius
1481 2579 1610 2622 filium
1637 2590 1719 2621 non

189 2650 435 2692 servaverit:
465 2650 583 2692 facile
604 2651 899 2703 cognoscimus,
928 2650 1161 2703 Euripidem
1182 2651 1324 2693 statim
1346 2651 1398 2693 ab
1419 2651 1536 2692 initio
1554 2650 1718 2692 fabulae
