1924 3019
959 87 1010 131 23

210 225 422 292 piectatur
435 229 502 287 et.
511 227 686 282 repetat.
743 223 931 279 Namque
949 224 1126 291 alterum
1152 223 1364 280 consilium
1390 206 1588 278 tanquam
1609 223 1768 280 priore·
1835 232 1841 238 ·

211 295 299 339 niti.
318 299 363 337 et
390 307 442 337 ex
470 307 520 335 eo
546 295 744 346 consequi
774 298 963 347 apparet,
990 306 1083 337 cum
1104 293 1236 337 Xuthi
1251 294 1484 347 plurimum
1512 294 1746 338 interfuisse

210 364 269 410 sit
291 361 631 419 consentaneum,
673 367 720 407 ut
757 363 876 408 fraus
915 363 959 407 in
997 363 1156 408 occulto
1194 368 1404 418 maneret,
1440 364 1566 407 immo
1601 363 1745 419 Apollo

211 439 355 483 auctor
371 434 445 477 filii
464 447 555 478 esse
571 436 797 477 videretur.
831 435 1020 485 Quantae
1041 436 1148 477 enim
1167 435 1362 477 audaciae
1378 435 1507 477 fuisse
1522 436 1744 486 existimas,
1800 480 1803 483 ,

212 506 248 548 si
274 505 441 561 Xuthus
480 505 704 560 quemlibet
739 505 1000 559 peregrinum
1039 504 1113 549 filii
1151 505 1314 548 nomine
1350 497 1605 548 Athenarum
1633 505 1744 559 prin·

211 576 341 630 cipem
376 575 510 620 facere
553 580 668 619 esset
699 579 893 628 conatus,
935 579 1135 636 quantem
1177 580 1224 618 et
1247 575 1372 628 ‘apud
1408 575 1517 618 cives
1553 579 1606 618 et·
1632 575 1742 628 apud

211 659 380 690 uxorem
400 651 618 692 ,moturum
646 646 774 689 fuisse
794 646 1009 688 invidiam!
1066 646 1143 697 Qui
1172 659 1262 688 cum
1283 650 1327 688 et
1345 646 1423 700 ipsi
1446 645 1743 700 autochthones

211 716 290 760 sibi
318 716 554 760 viderentur
580 729 671 761 esse
698 720 741 759 et
765 705 985 764 Erechthei
1013 720 1232 759 uterentur
1251 717 1500 770 principatu,
1528 716 1593 759 vel
1612 716 1741 759 Xuthi
1809 740 1815 743 -

210 787 418 840 peregrini
457 787 773 829 dominationem
811 798 935 839 aegre
976 786 1176 838 ferentes,
1213 787 1355 829 Ionem
1388 787 1612 840 principem
1650 786 1741 828 fieri

212 856 323 901 nullo
351 858 471 903 modo
508 860 629 900 erant
663 857 829 910 passuri
856 856 928 910 (cf.
957 870 1021 900 vv.
1052 859 1126 899 721
1160 857 1298 912 sqq),
1337 858 1415 900 nisi
1456 856 1509 899 ab
1546 857 1638 910 ipso
1667 855 1741 899 deo

178 937 181 939 ·
212 927 527 975 Atheniensibus
555 940 629 970 rex
654 919 901 971 constitutus
916 939 1008 970 esse
1031 928 1253 971 videretur.
1314 922 1406 971 H'uc
1431 931 1621 981 spectare
1640 931 1742 980 puto

212 999 338 1041 verba
366 999 581 1041 librorum:
618 999 691 1040 καὶ
728 999 807 1040 τόν
841 997 996 1052 χρόνον
1031 998 1285 1052 ἀμύνεσθαι
1310 998 1473 1052 θέλων,
1513 999 1555 1041 in
1575 993 1740 1052 ‘quibus

211 1068 290 1111 viri
319 1068 428 1112 docti
458 1069 602 1111 mirum
637 1074 841 1122 quantum
871 1068 1148 1121 offenderunt,
1186 1069 1258 1111 alii
1294 1069 1418 1111 aliter
1456 1068 1579 1111 verba
1617 1068 1741 1121 expli·
1801 1107 1804 1110 ,

211 1144 353 1182 cantes
381 1143 682 1193 mutantesque.
738 1139 800 1182 Ne
828 1139 871 1182 iu
898 1140 1162 1182 recensendis
1182 1139 1360 1182 omnium>
1381 1140 1596 1182 sententiis
1625 1139 1741 1182 nimis

209 1222 432 1262 moremur,
462 1210 566 1253 satis
593 1209 833 1254 habebimus
858 1210 1083 1265 inquirere,
1124 1222 1221 1253 num
1248 1210 1451 1264 possimus
1479 1210 1522 1252 id
1553 1222 1577 1252 e
1606 1210 1741 1252 verbis

211 1293 375 1331 eruere,
425 1280 536 1332 quod
585 1287 832 1332 argumento
881 1281 959 1322 loci
995 1293 1021 1322 a
1067 1281 1186 1322 nobis
1225 1281 1438 1331 postulato
1481 1272 1738 1335 respondeat.

210 1349 415 1404 Quidquid
445 1350 497 1393 de
524 1350 638 1394 verbi
664 1349 918 1405 ἀμύνεσθαι
943 1350 1055 1405 apud
1085 1350 1266 1404 tragicos
1295 1362 1374 1393 usu
1404 1350 1522 1404 potui
1547 1350 1738 1405 reperire,

208 1432 371 1474 semper
398 1421 507 1462 inest
534 1432 560 1462 a
590 1432 635 1462 se
673 1421 864 1474 arcendi,
904 1420 1169 1472 defendendi,
1208 1421 1391 1462 evitandi
1420 1421 1555 1462 notio:
1597 1421 1738 1473 itaque

207 1491 286 1533 τὸν
333 1490 486 1545 χρόνον
516 1489 784 1545 ’ἀμύνεσθαι
833 1492 981 1534 θέλειν
1027 1503 1158 1544 neque
1205 1495 1344 1545 potest
1383 1503 1473 1534 esse
1515 1491 1737 1534 secundum

210 1561 422 1604 Reiskium
458 1564 501 1604 et
536 1552 832 1605 Matthiaeum:
879 1562 1078 1605 iacturam
1126 1562 1321 1615 temporis
1358 1558 1452 1604 olim
1494 1562 1536 1604 in
1575 1561 1738 1604 defectu

207 1632 337 1686 prolis
363 1631 494 1685 elapsi
520 1644 785 1686 compensare
811 1645 978 1688 cupere,
1013 1645 1146 1687 neque
1182 1633 1403 1676 secundum
1433 1632 1737 1689 Musgrayium:

207 1714 375 1757 sperare
413 1702 501 1759 fore
539 1706 588 1746 ut
626 1695 794 1758 longum
830 1705 1027 1758 temporis
1063 1704 1327 1746 intervallum
1365 1704 1578 1746 consilium
1618 1715 1737 1746 suum

160 1772 163 1775 ’
208 1773 381 1829 (Xuthi)
406 1774 583 1827 adiuvet,
613 1775 687 1816 sed
715 1775 1027 1817 omninoverba
1049 1776 1254 1817 sententia
1269 1781 1425 1817 carent.
1482 1775 1624 1828 Neque
1642 1787 1736 1817 vero

207 1845 430 1888 Hermanni
460 1844 597 1898 placet
621 1846 747 1898 ratio,
781 1846 853 1899 qui
891 1857 967 1899 pro
996 1845 1132 1888 verbis
1158 1845 1230 1886 καὶ
1258 1846 1335 1887 τὸν
1363 1845 1519 1899 χρόνον
1557 1844 1737 1887 scriben-

207 1916 321 1958 dum:
361 1915 473 1956 καταὲ
495 1915 573 1956 τᾶν
601 1915 757 1967 χρόνον
782 1919 901 1958 ratus
924 1915 1181 1974 οἷμῇνεσθαι
1203 1916 1348 1973 θέλων
1375 1919 1519 1958 vertit:
1560 1919 1634 1958 »ut
1660 1915 1736 1958 sibi

206 1985 453 2041 praesidium
473 1991 680 2040 pararet«.
738 1982 856 2038 Quod
883 1987 925 2029 in
954 1985 1079 2029 verbo
1105 1986 1240 2029 inesse
1267 1998 1385 2040 nego,
1411 1998 1504 2029 cum
1529 1986 1735 2028 notionem

206 2057 441 2101 stabiliendi
468 2060 512 2099 et
538 2057 807 2101 confirmandi
827 2057 955 2111 ¹longe
982 2057 1205 2100 abhorrere
1230 2069 1257 2100 a
1276 2057 1417 2100 tuendi
1436 2061 1479 2100 et
1495 2055 1737 2100 defendendi
1757 2057 1759 2059 ’

207 2128 378 2175 videam.
435 2128 606 2171 Rectum
634 2127 784 2172 vidisse
815 2140 960 2173 censeo
988 2128 1231 2183 Iacobsium,
1268 2128 1339 2182 qui
1368 2128 1410 2171 in
1439 2128 1589 2171 ceteris
1616 2127 1735 2171 nimis
1767 2125 1770 2128 ’
1824 2116 1826 2118 ’

206 2199 342 2241 audax
369 2210 444 2252 pro
472 2197 628 2253 χρόνον
647 2199 812 2253 scripsit
831 2198 1016 2254 φθόνον,
1044 2199 1151 2252 quod
1178 2211 1204 2240 a
1231 2199 1341 2241 nullo
1362 2199 1591 2252 interprete
1619 2198 1736 2239 video

206 2270 343 2314 adhuc
367 2273 590 2323 receptum.

314 2339 497 2381 Primum
536 2339 587 2381 de
624 2340 831 2382 sententia
868 2351 1003 2393 pauca
1043 2339 1189 2381 dicam.
1251 2338 1353 2381 Cum
1381 2339 1423 2380 in
1452 2339 1587 2391 priore
1616 2349 1737 2380 versu

206 2409 336 2459 ἁλούς
369 2415 451 2464 μέν
486 2410 573 2451 κτλ.
612 2410 776 2453 Xuthus
821 2410 863 2455 id
900 2413 1063 2453 tantum
1100 2414 1296 2463 appetere
1336 2409 1472 2452 dictus
1516 2411 1644 2462 esset,
1690 2411 1739 2450 ut

205 2480 371 2533 crimen,
399 2481 515 2522 cuius
543 2481 665 2533 argui·
681 2485 836 2534 posset,
864 2481 1061 2525 adulterii
1082 2481 1187 2533 dico,
1218 2492 1244 2521 a
1263 2491 1308 2521 se
1335 2479 1582 2528 defenderet,
1608 2478 1737 2520 multo

206 2550 330 2594 etiam
357 2550 488 2603 magis
517 2550 554 2592 ei
583 2562 709 2594 curae
736 2563 826 2595 esse
855 2550 1052 2605 debebat,
1089 2554 1137 2593 ut
1166 2562 1218 2593 ne
1246 2549 1357 2593 solus
1384 2547 1469 2591 filio
1507 2547 1735 2599 frueretur;
