1924 3019
890 122 938 161 17

146 240 228 308 non
257 261 501 316 patianturz·
522 256 716 300 invidiam
746 260 790 298 et
817 254 1162 298 obtrectationem
1190 253 1360 305 civium,
1399 254 1434 295 si
1464 252 1564 297 velit
1591 265 1680 296 cum

147 330 291 377 eisne
312 330 512 383 dignitate
541 330 713 379 certare,
741 326 928 368 timorem
959 325 1103 367 matris
1123 324 1264 366 liberis
1292 323 1486 372 carentis,
1514 325 1681 377 tyranni

148 415 309 447 nomen.
368 401 552 452 Quarum
591 410 728 440 rerum
759 408 848 439 cum
877 396 1049 449 primam
1085 400 1129 438 et
1166 396 1332 438 tertiam
1364 394 1563 438 duodenis
1590 407 1683 439 ver·
1743 404 1747 407 *

148 473 259 517 sibus
301 477 385 515 tarn
423 469 638 513 subtiliter
675 470 717 510 et
764 470 957 509 accurate
995 465 1173 519 explicet
1220 469 1269 507 ut
1302 465 1410 519 quod
1444 465 1579 508 addas
1615 467 1683 510 vix

148 544 322 587 habeas:
359 540 503 595 quidni
544 540 584 581 in
622 537 755 580 media
783 540 922 589 parte,
965 547 1049 589 qua
1083 535 1134 577 de
1167 535 1414 587 gravissima
1452 548 1597 588 causa,
1639 536 1683 578 in

150 618 454 668 quatanquam
483 608 607 651 cardo
644 619 779 649 rerum
811 609 1011 658 versatur,
1040 606 1217 657 disserit,
1245 605 1383 647 Ionem
1412 605 1471 647 ita
1499 606 1681 649 locutum

150 696 240 726 esse
267 692 522 732 censeamus,
561 682 607 721 ut
639 678 791 729 omnia,
827 688 932 729 quae
967 688 1018 717 ex
1057 674 1209 717 invidia
1246 675 1391 717 matris
1429 675 1533 718 effici
1561 688 1683 730 posse

151 757 329 808 putaret,
357 748 401 793 et
427 749 593 804 propria
622 752 664 790 et
692 748 823 802 patris
854 746 962 789 mala
983 746 1021 788 ei
1049 750 1147 787 ante
1177 745 1318 788 oculos
1339 745 1684 790 obversarentur?

151 826 197 868 In
229 835 310 876 quo
339 834 422 863 non
451 818 796 873 praetereundum
840 817 1000 859 videtur
1034 816 1140 878 hanc
1169 828 1254 858 rem
1291 828 1383 858 esse
1414 817 1560 868 talem,
1600 830 1684 871 qua

152 895 263 937 Ionis
302 890 576 936 adolescent-is
613 890 718 932 bene
755 888 904 931 morati
943 887 1122 930 animum
1161 899 1325 930 necesse
1363 886 1489 930 fuerit
1527 900 1684 932 summo

153 965 301 1007 affectu
327 962 587 1013 commoveri,
624 961 685 1002 ita
713 958 1102 1001 utvconstructionis
1128 958 1423 1011 grammaticae
1451 958 1520 1001 ille
1548 959 1685 1011 minus

154 1048 274 1089 quam
294 1033 594 1076 sententiarum
614 1032 813 1074 rationem
829 1030 1014 1072 haberet.
1071 1029 1178 1072 Nam
1199 1041 1289 1072 cum
1310 1029 1432 1072 verbo
1447 1029 1688 1086 μισήσομαι

155 1105 414 1147 enuntiatum
433 1102 541 1146 finiri
567 1106 836 1156 expectemus,
868 1101 940 1143 Ion
960 1100 1241 1143 coniunctione
1267 1097 1374 1141 ὅταν
1389 1100 1541 1154 pergit,
1569 1102 1686 1158 quasi

155 1188 235 1217 non
265 1174 534 1217 antecesserit
561 1174 821 1226 participium
850 1170 995 1213 ἐλθών
1021 1170 1123 1222 κτλ,
1152 1174 1194 1211 et
1223 1182 1273 1211 ex
1301 1169 1379 1212 hac
1406 1172 1688 1215 coniunctione

155 1246 278 1287 etiam
303 1257 351 1287 ea
379 1243 600 1297 pendentia
627 1243 742 1295 tacit,
786 1254 894 1295 quae
933 1244 1085 1283 natura
1122 1239 1392 1282 reluctantur.
1449 1240 1530 1284 Sed
1559 1254 1610 1284 ex
1637 1254 1686 1285 eo

155 1316 255 1369 ipso,
284 1314 392 1368 quod
422 1326 526 1367 quae
553 1325 628 1366 per
657 1312 903 1367 particulam
933 1309 1040 1353 ὅταν
1077 1314 1358 1352 aunt-ctuutur
1387 1312 1596 1365 recipiunt
1622 1324 1686 1366 ea,

155 1398 259 1440 quae
288 1385 539 1427 antecedunt
579 1375 747 1440 (ἐλθών
773 1383 812 1424 δ’
839 1383 881 1431 ἐς
911 1376 1028 1424 οἷκον
1055 1405 1110 1412 -
1145 1380 1254 1424 οἴσει
1281 1382 1481 1437 πικρῶς),
1518 1395 1688 1426 consen-

156 1460 321 1499 taneum
351 1459 431 1509 est,
466 1456 625 1509 Ionem,
662 1458 879 1509 postquam
909 1453 960 1495 de
992 1464 1191 1495 novercae
1218 1452 1258 1494 in
1288 1453 1422 1506 ipsum
1456 1453 1549 1496 odio
1578 1466 1689 1497 men-

157 1529 308 1570 tionem
338 1527 498 1578 fecerit,
526 1527 651 1568 animi
679 1526 829 1568 affectu
857 1528 1047 1577 raptum,
1088 1524 1140 1566 ad
1170 1524 1414 1566 movendum
1442 1525 1571 1567 Xuthi
1601 1526 1690 1567 ani-

145 1610 262 1640 mum
291 1601 336 1640 ut
363 1601 406 1639 in
435 1609 500 1649 re,
535 1598 576 1639 in
615 1609 698 1650 qua
733 1607 892 1638 summa
919 1595 1058 1637 cautio
1083 1594 1139 1636 sit
1167 1593 1421 1646 adhibenda,
1460 1596 1688 1637 orationem

159 1668 211 1709 ab
241 1668 357 1709 initio
386 1667 600 1720 repetiisse
626 1671 754 1718 atque
781 1665 947 1707 auxisse
966 1664 1086 1706 etita
1115 1664 1294 1716 quidem,
1323 1668 1370 1705 ut
1395 1668 1494 1717 post
1522 1665 1688 1708 verbum

156 1736 394 1792 μισήσομαι
415 1737 626 1790 paululum
647 1737 688 1778 in
718 1747 904 1779 sermone
925 1734 1150 1777 subsistere
1169 1734 1376 1787 videatur,
1403 1735 1521 1788 quasi
1540 1735 1689 1778 addat:

159 1808 365 1849 »animum
395 1808 577 1856 attende,
607 1807 716 1859 finge
744 1807 817 1848 tibi
848 1806 996 1858 animo,
1031 1817 1138 1858 quae
1166 1804 1254 1846 fore
1283 1805 1542 1848 arbitreris·=.
1599 1806 1686 1848 Iam

159 1878 376 1920 videndum
416 1878 513 1931 erit,
553 1890 633 1931 qua
669 1877 832 1919 ratione
871 1888 1017 1919 versus
1049 1878 1129 1918 614
1163 1879 1206 1917 et
1235 1878 1313 1917 615
1353 1887 1444 1918 cum
1481 1875 1690 1930 prioribus

158 1948 326 1990 connexi
355 1948 450 1990 sint.
507 1948 654 1990 Nonne
682 1959 859 2000 summo,
896 1947 1030 2000 inquit
1054 1946 1145 2000 Ion,
1181 1940 1289 1988 malo
1327 1946 1424 1988 mihi
1456 1946 1591 1989 odium
1619 1959 1691 1990 no-

159 2030 303 2061 vercae
338 2018 438 2071 erit,
478 2030 568 2061 cum
606 2019 696 2072 ipsa
732 2018 871 2061 liberis
907 2029 1051 2060 carens
1089 2021 1130 2059 te
1164 2016 1248 2059 filio
1285 2017 1364 2059 frui
1405 2029 1532 2071 aegre
1571 2018 1690 2071 ferat,

159 2088 317 2141 tibique
336 2089 544 2141 perpetuis
565 2089 747 2132 Creusae
769 2089 946 2132 stimulis
967 2087 1178 2140 exagitato
1201 2088 1316 2141 optio
1339 2090 1393 2130 sit
1411 2088 1525 2140 data,
1551 2093 1691 2132 utrum

159 2159 277 2201 uxori
296 2158 524 2203 obsecutus
551 2172 616 2202 me
644 2160 817 2214 perdas,
855 2171 908 2202 an
949 2171 1092 2214 preces
1132 2158 1221 2201 eius
1265 2159 1488 2213 neglegens
1526 2160 1692 2213 tuearis,

159 2229 230 2271 sed
262 2241 352 2271 cum
383 2231 557 2272 maxima
587 2231 731 2274 domus
760 2237 855 2273 tuae
883 2230 1195 2284 perturbatione
1224 2230 1410 2272 tuearis?
1464 2231 1538 2273 Vis
1565 2231 1693 2284 igitur

160 2299 453 2342 coniunctionis
493 2298 600 2341 ὅταν
634 2314 714 2345 non
754 2306 840 2344 tam
882 2301 935 2343 ad
975 2300 1158 2354 singulas
1197 2304 1360 2353 partes,
1401 2313 1511 2355 quae
1548 2302 1693 2343 distin-

160 2372 343 2422 guuntur
371 2370 573 2423 particula
602 2369 649 2426 ἢ,
683 2372 882 2425 pertinet,
917 2383 1037 2424 quam
1066 2371 1118 2413 ad
1151 2370 1331 2413 Creusae
1356 2371 1691 2424 machinationes,

160 2450 267 2492 quae
295 2438 435 2481 Xutho
466 2439 611 2482 duram
651 2441 762 2484 illam
792 2442 1079 2484 necessitatem
1107 2441 1337 2495 imponunt.
1395 2441 1515 2493 Quod
1544 2441 1692 2484 deinde

161 2509 232 2552 Ion
272 2509 409 2562 pergit
459 2511 541 2552 iam
579 2523 702 2566 saepe
747 2512 919 2555 feminas
965 2512 1061 2555 viris
1110 2524 1250 2555 necem
1292 2524 1388 2554 ense
1430 2511 1495 2555 vel
1535 2523 1691 2555 veneno

1445 2594 1465 2627 2
