1924 3019
919 162 945 200 4

177 302 222 339 et
249 298 516 350 ἀποφαίνειν
552 296 757 337 referatur
793 294 846 335 ad
885 293 1077 346 ἀγαθόν,
1126 296 1237 348 quod
1275 310 1366 338 cum
1404 296 1547 349 copula
1581 297 1715 351 ἐστίν,

168 380 283 423 ,quae
312 370 452 410 mente
482 364 672 408 addenda
704 363 781 416 sit,
821 363 1107 418 praedicatum
1136 365 1192 408 sit
1222 366 1351 410 totius
1379 365 1592 409 enuntiati.
1648 364 1716 408 Sic

173 438 276 480 mihi
304 448 467 490 quoque
494 434 733 487 videbatur,
763 438 985 487 antequam
1014 434 1252 487 diligentius
1279 439 1505 479 sententias
1535 438 1714 479 virorum

174 508 386 550 doctorum
417 516 727 559 perspexeram,
769 516 876 546 nunc
912 508 1050 546 autem
1088 517 1169 547 non
1198 507 1279 549 iam
1308 507 1525 551 tenendum
1556 518 1712 558 censeo,

173 578 245 631 qui
274 576 395 618 nimis
421 575 575 627 frigida
603 574 791 616 oratione
820 574 1058 627 Euripidem
1098 587 1218 618 usum
1253 578 1378 620 fuisse
1418 579 1494 620 sim
1529 577 1713 628 edoctus,

171 648 208 689 si
238 647 375 689 Ionem
403 645 480 686 tali
508 644 628 686 modo
655 643 819 686 fecisset
847 644 1133 696 imperantem.

281 715 371 757 Hoc
401 715 502 757 vitio
530 719 578 756 ut
604 717 769 767 poetam
797 713 974 768 levaret,
1021 714 1069 757 G.
1108 715 1392 769 Hermannus,
1431 729 1549 769 quem
1581 715 1710 758 secuti

169 790 269 829 sunt
295 785 568 838 Hartungius,
596 784 751 837 FixiuS,
780 784 1087 827 Schoemannus
1116 786 1158 828 in
1187 792 1492 840 programmate
1514 785 1713 839 Gryphis-

169 857 365 903 waldensi
408 859 533 908 1860,
577 868 616 909 p.
649 859 683 897 7.
724 855 897 910 (Opusc.
933 868 992 897 ac.
1023 856 1092 907 IV,
1130 870 1169 910 p.
1201 861 1254 899 64
1283 859 1383 911 sq.),
1431 857 1632 910 particula
1663 860 1716 897 τέ

167 940 274 982 quae
301 932 368 970 est
393 930 489 980 post
517 926 684 969 verbum
713 925 861 982 φήμας
895 926 1055 980 deleta,
1104 940 1243 969 vocem
1273 926 1445 982 ἀγαθόν
1473 916 1710 969 mutandam

166 998 333 1051 putavit
371 998 412 1038 in
449 997 654 1048 ἀγαθῶν,
705 997 775 1048 qui
811 997 1018 1048 genitivus
1062 1002 1278 1050 regeretur
1316 998 1368 1040 ab
1408 999 1467 1040 eis
1507 1010 1609 1050 quae
1647 1009 1710 1039 se-

166 1057 368 1121 quuntur:
400 1064 548 1123 φήμας
571 1064 758 1119 ἀγαθάς,
787 1070 836 1108 ut
860 1070 973 1108 esset
992 1066 1095 1109 haec
1113 1068 1340 1109 sententia:
1372 1067 1529 1109 »favete
1546 1067 1708 1119 linguis,

165 1150 247 1192 quo
275 1138 384 1179 bona
410 1137 608 1178 bonorum
638 1138 799 1177 omina«
826 1137 934 1188 sive,
977 1141 1026 1178 ut
1054 1138 1363 1179 Schoemannus
1397 1139 1708 1190 interpretatur,

168 1208 303 1250 »bona
321 1204 449 1249 verba
479 1210 676 1259 tanquam
705 1205 800 1248 boni
826 1210 999 1249 eventus
1026 1207 1164 1249 omina
1192 1211 1235 1249 et
1254 1208 1475 1260 praesagia
1499 1206 1707 1249 oraculum

164 1278 417 1321 consulturis
453 1276 605 1327 edatis,
656 1276 717 1317 ita
769 1281 815 1318 ut
863 1289 1004 1318 eorum
1055 1278 1180 1319 animi
1219 1289 1293 1329 spe
1330 1278 1440 1319 laeta
1478 1282 1520 1319 et
1556 1277 1708 1319 fiducia

164 1346 419 1402 erigantur«.
507 1346 624 1398 Quae
668 1347 899 1389 coniectura
962 1347 1084 1402 longe
1138 1347 1465 1401 ingeniosissima
1513 1360 1608 1390 num
1654 1348 1708 1390 sit

162 1418 401 1472 probanda,
433 1430 481 1459 ex
511 1418 588 1469 eis,
619 1430 726 1469 quae
755 1418 863 1459 infra
897 1419 1141 1471 disputabO,
1171 1420 1402 1471 apparebit.

273 1489 432 1531 Novam
454 1488 656 1529 rationem
678 1487 754 1529 loci
768 1488 1014 1530 emendandi
1030 1488 1123 1529 iniit
1142 1488 1377 1530 Badhamus
1400 1489 1440 1530 in
1462 1489 1706 1541 Philol.VII,

163 1572 204 1613 p.
235 1563 336 1608 161,
381 1559 449 1611 qui
485 1558 765 1610 ταυτολογίαν
802 1571 924 1611 quam
965 1558 1121 1601 efficiat
1159 1571 1237 1600 vox
1267 1556 1462 1613 εὔφημον
1490 1571 1580 1601 cum
1609 1571 1706 1602 voce

162 1628 337 1682 ἀγαθόν
365 1633 411 1670 ut
441 1628 582 1678 tollat,
622 1639 867 1681 comparans
896 1628 1047 1681 locum,
1091 1631 1161 1681 qui
1201 1633 1264 1670 est
1292 1630 1333 1670 in
1365 1630 1506 1681 Suppl.
1536 1642 1572 1671 v.
1604 1634 1704 1672 900:

163 1698 363 1754 ἐφρούρει
405 1699 542 1752 μηδὲν
584 1697 919 1751 ἐξαμαρτάνειν,
978 1698 1060 1751 legi
1107 1698 1215 1741 vult:
1261 1698 1408 1751 στόμα
1442 1699 1479 1739 τ’
1498 1699 1706 1754 εὐφημεῖν

164 1768 380 1826 φρουρεῖτ·
412 1766 586 1822 ἀγαθόν
634 1767 751 1823 (nam
798 1768 906 1822 quod
951 1769 1149 1822 scriptum
1187 1780 1321 1821 neque
1372 1769 1494 1809 semel
1536 1770 1606 1810 sed
1642 1771 1704 1811 bis
1741 1762 1746 1766 ’

162 1841 359 1892 scriptum
424 1845 491 1880 est
545 1839 720 1892 φρούρει
757 1840 814 1889 τ’,
881 1852 1036 1881 merum
1094 1852 1274 1881 errorem
1323 1840 1568 1893 typographi
1614 1854 1704 1884 esse

162 1908 375 1965 existimo)
403 1908 649 1952 infinitivum
679 1913 819 1951 autem
849 1907 1115 1965 ἀποφαίνειν
1147 1908 1200 1950 ab
1229 1908 1288 1950 eis
1319 1920 1424 1962 quae
1452 1910 1704 1962 praecedunt

160 1980 342 2033 pendere
384 1979 609 2021 contendit.
677 1979 766 2029 Quo
810 1979 910 2031 quid
959 1983 1100 2031 potest
1149 1980 1377 2030 excogitari
1413 1980 1704 2023 artificiosius?

162 2051 306 2104 Neque
337 2054 477 2092 tamen
508 2048 645 2100 vide0,
683 2048 751 2102 qui
780 2048 850 2090 illa
878 2049 1116 2093 coniectura
1146 2048 1391 2103 difficultas,
1435 2060 1540 2102 quae
1566 2057 1629 2093 est
1660 2051 1702 2094 in

161 2133 259 2163 voce
288 2119 484 2173 ἀγαθόν,
522 2119 716 2171 tollatur3
756 2131 890 2171 neque
920 2132 1000 2172 quo
1030 2119 1276 2162 infinitivum
1307 2120 1571 2173 ἀποφαίνειν
1598 2122 1703 2164 refe-

160 2190 333 2232 rendum
361 2202 452 2232 esse
482 2189 654 2237 diceret,
692 2190 768 2241 ipsi
799 2189 1009 2232 Badhamo
1048 2194 1203 2233 certum
1242 2189 1368 2231 fuisse
1393 2188 1573 2243 videtur,
1610 2203 1701 2233 cum

161 2273 242 2304 non
274 2260 380 2302 satis
409 2259 586 2302 dilucide
616 2259 772 2301 diceret
806 2271 895 2301 eum
935 2272 984 2301 »a
1013 2259 1379 2313 praecedentibus«
1410 2259 1601 2311 pendere.
1659 2262 1702 2303 Si

159 2332 212 2375 ab
241 2331 489 2384 imperativo
521 2333 744 2384 φρουρεῖτε
785 2331 909 2371 etiam
945 2330 1120 2373 alterum
1160 2329 1403 2372 infinitivum
1439 2329 1703 2384 ἀποφαίνειν

158 2401 338 2456 pendere
367 2400 529 2453 statuit,
559 2399 681 2454 (nihil
703 2400 809 2442 enim
831 2401 882 2442 de
902 2400 1076 2443 delenda
1099 2400 1304 2454 particula
1333 2404 1385 2441 τέ
1407 2404 1506 2452 post
1535 2401 1702 2443 verbum

159 2471 306 2527 φήμας
334 2471 478 2524 dicio:
516 2470 598 2512 alia
638 2474 702 2512 est
738 2471 958 2524 utriusque
991 2471 1181 2514 infinitivi
1218 2471 1350 2523 ratio,
1392 2482 1565 2524 quorum
1594 2472 1701 2514 alter

159 2554 251 2585 cum
282 2542 406 2584 verbo
447 2543 672 2596 φρουρεῐτε
715 2541 956 2584 coniunctus
998 2542 1176 2584 fortasse
1216 2541 1356 2594 aliquo
1401 2541 1522 2583 modo
1561 2547 1701 2595 potest

159 2613 220 2655 ita
248 2611 450 2664 intellegi,
478 2615 526 2653 ut
554 2611 661 2653 idem
693 2611 746 2653 sit
774 2616 900 2664 atque
930 2613 989 2667 μή
1020 2613 1279 2666 δυςφημεῖν,·
1320 2611 1428 2653 alter
1458 2616 1617 2665 autem,
1657 2613 1699 2655 in
