1924 3019
940 103 985 141 21

198 237 334 281 silium
362 239 471 281 illius
502 250 541 279 er
550 241 596 279 at
624 238 763 279 Ionem
805 248 886 280 non
921 236 996 279 filii
1027 235 1097 278 sed
1136 235 1310 289 hospitis
1349 237 1507 278 nomine
1546 235 1731 277 Athenas

197 307 368 360 ducere,
407 318 460 350 ne
490 308 608 350 uxori
638 307 822 350 dolorem
849 309 1050 360 moveret,
1085 310 1131 348 et
1155 305 1233 349 hoc
1261 305 1395 348 celare
1422 297 1570 348 chorus
1597 305 1731 348 iussus

197 382 302 421 erat.
349 377 490 420 Huius
519 382 659 419 autem
689 376 771 419 doli
803 376 1045 430 paedagogo
1068 388 1150 417 non
1180 374 1293 418 venit
1327 376 1368 418 in
1397 380 1597 428 mentem,
1622 386 1730 427 nam,

197 448 238 491 id
263 448 377 502 quod.
404 448 692 502 gravissimum
715 451 793 501 est,
819 447 860 490 in
886 459 935 489 eo
954 446 1210 501 potissimum
1231 446 1457 500 nequitiam
1477 449 1520 489 et
1546 444 1728 488 fraudem

195 519 373 572 positam
405 523 558 571 censet,
586 518 697 572 quod
725 518 892 560 Xuthus
917 531 1049 560 uxore
1068 517 1258 570 Delphos
1287 517 1474 558 adducta
1501 512 1727 570 Apollinem

198 602 243 633 se
273 589 558 633 consulturum
588 588 752 632 simulet
782 591 825 632 et
853 588 917 631 dei
955 588 1073 631 iussu
1100 588 1237 630 Ionem
1270 599 1292 629 e
1321 599 1442 629 serva
1470 590 1729 641 procreatum

197 660 368 713 legitimi
394 660 465 702 filii
486 661 575 703 loco
606 661 707 703 velit
734 672 836 702 esse.
895 659 1000 710 Quid
1029 652 1137 701 enim
1165 658 1299 700 verbis
1327 670 1431 710 opus
1462 664 1553 700 erat
1584 670 1729 700 versus

197 734 296 773 524:

413 799 563 842 ἐλθεῖν
589 801 630 842 σ’
659 801 807 842 ἔπεισε
836 799 954 852 δεῦρ’
977 798 1189 846 ἀπαιδίας
1214 797 1351 852 χάριν,

196 870 274 912 nisi
301 870 464 913 Xuthus
491 870 629 913 Ionem
657 870 795 923 palam
823 871 865 912 in
890 868 1087 912 familiam
1116 881 1345 922 nomenque
1374 868 1610 911 adsciturus
1639 868 1730 910 filii-

195 953 275 994 que
294 941 379 982 loco
404 941 618 983 habiturus
637 941 761 983 erat?
798 940 914 991 Quae
933 940 1160 993 paedagogi
1183 940 1389 981 sententia
1410 940 1445 981 si
1469 939 1728 992 aliquatenus

195 1015 341 1054 contra
372 1012 485 1054 chori
516 1012 639 1054 verba
669 1022 900 1065 repugnare
923 1010 1097 1064 videtur,
1126 1010 1194 1064 qui
1225 1008 1409 1052 aXutho
1440 1009 1518 1052 sibi
1545 1009 1597 1052 de
1625 1021 1728 1052 novo

194 1082 277 1124 filio
305 1082 513 1125 silentium
543 1082 792 1135 imperatum
822 1093 913 1124 esse
949 1081 1131 1133 dixerat3
1169 1093 1249 1123 non
1287 1093 1389 1134 opus
1429 1086 1494 1123 est
1531 1085 1578 1123 ut
1606 1093 1730 1123 senex

194 1152 280 1205 ille,
318 1153 390 1206 qui
418 1152 460 1194 in
489 1152 713 1194 incusando
742 1151 883 1194 Xutho
917 1152 1050 1194 minus
1078 1151 1239 1194 ratione
1267 1163 1388 1204 quam
1423 1152 1487 1193 ira
1516 1150 1728 1201 utebatur,

194 1223 304 1275 leges
332 1222 487 1276 logicas
513 1234 682 1276 prorsus
711 1222 949 1264 servaverit.
1007 1222 1142 1274 Quare
1171 1234 1223 1264 ne
1243 1222 1414 1274 mireris,
1440 1222 1553 1275 quod
1584 1222 1651 1263 ille
1685 1221 1726 1263 in

195 1293 370 1347 quadam
409 1293 721 1347 perturbatione
760 1292 886 1335 animi
921 1296 997 1335 aut
1034 1292 1186 1335 oblitus
1225 1296 1309 1340 est,
1359 1292 1481 1335 choro
1521 1292 1728 1334 silentium

194 1365 438 1417 imperatum
466 1363 609 1416 fuisse,
649 1368 724 1406 aut
751 1364 784 1423 si
814 1364 1074 1417 meminerat,
1114 1376 1194 1405 non
1233 1364 1283 1405 de
1321 1363 1540 1417 adoptione
1568 1363 1726 1406 censuit

195 1435 265 1477 sed
303 1434 353 1477 de
388 1434 641 1477 clandestino
681 1433 888 1477 adulterio
928 1434 1184 1487 imperatum.
1253 1434 1357 1485 Quid
1399 1433 1531 1477 dicam
1566 1434 1608 1476 in
1638 1437 1727 1477 tota

194 1505 273 1547 hac
302 1506 660 1557 argumentatione
688 1517 781 1547 eum
812 1505 1067 1557 argumentis
1095 1506 1155 1546 uti
1183 1505 1400 1546 admodum
1430 1504 1632 1547 infirmis?

302 1574 523 1616 Praeterea
551 1579 689 1617 autem
710 1574 992 1628 quaesiverim,
1022 1586 1117 1616 num
1149 1574 1311 1616 omnino
1331 1575 1556 1617 secundum
1578 1575 1726 1628 paeda—

194 1645 289 1698 gogi
317 1644 443 1687 verba
470 1645 687 1687 verisimile
716 1645 791 1697 sit,
828 1644 1016 1695 Xuthum
1054 1645 1128 1687 tali
1166 1645 1430 1688 distinctione
1465 1658 1587 1688 usum
1623 1657 1723 1688 esse.

194 1715 237 1759 Si
258 1715 465 1768 utebatur,
481 1715 779 1769 quodammodo
797 1720 908 1759 certe
919 1715 1166 1771 respiciebat
1185 1715 1452 1759 calliditatem
1471 1716 1725 1768 feminarum,

193 1800 244 1829 ne
271 1787 408 1829 dolum
436 1787 720 1840 perspicerent
747 1788 925 1840 veritus;
965 1788 1029 1830 sin
1068 1788 1219 1839 minus,
1259 1800 1307 1829 eo
1346 1789 1477 1830 maior
1504 1792 1598 1830 erat
1639 1789 1724 1830 eius

193 1857 416 1908 temeritas,
446 1856 515 1911 qui
546 1856 599 1899 de
619 1856 780 1900 fraudis
809 1869 999 1900 successu
1026 1869 1078 1899 ne
1100 1857 1310 1900 dubitaret
1336 1858 1515 1911 quidem.
1574 1857 1722 1901 Utrum

191 1928 333 1969 horum
371 1928 412 1968 in
453 1927 551 1968 irati
587 1927 761 1969 hominis
798 1939 1023 1970 sermonem
1056 1929 1197 1980 aptius
1226 1929 1463 1977 conveniat,
1502 1929 1622 1969 facile
1659 1933 1723 1969 est

192 1997 426 2040 diiudicare.
482 1997 651 2039 Accedit
680 1998 788 2051 quod
816 1998 1021 2051 oppositio
1052 1998 1114 2040 vel
1150 2001 1372 2051 propterea
1400 2003 1501 2051 apta
1533 2011 1615 2040 non
1646 2002 1722 2050 est,

192 2068 298 2122 quod
327 2067 493 2110 Xuthus
528 2068 652 2110 etiam
692 2073 777 2112 tum
811 2069 951 2112 Ionem
979 2080 1116 2124 regem
1153 2068 1369 2112 instituere
1409 2068 1592 2122 volebat,
1630 2080 1719 2112 cum

192 2143 304 2182 esset
333 2138 626 2192 deprehensus.

176 2215 179 2218 ’
301 2209 457 2261 Quibus
494 2208 617 2252 rebus
657 2208 725 2263 fit,
767 2215 815 2252 ut
850 2210 1033 2253 Xuthum
1073 2210 1147 2252 tali
1185 2210 1445 2253 distinctione
1484 2223 1565 2253 non
1603 2222 1720 2254 usum

190 2293 280 2323 esse
307 2274 548 2334 persuasum
577 2280 772 2334 habeam,
812 2285 855 2324 et
883 2294 953 2334 ea,
990 2293 1096 2335 quae
1135 2281 1298 2323 πλοκαί
1320 2282 1598 2334 nominantur,
1639 2294 1719 2324 non

189 2351 250 2394 ita
277 2363 366 2413 esse
396 2350 525 2403 dicta,
563 2351 683 2404 quasi
712 2363 836 2395 senex
864 2352 1077 2406 depingat,
1112 2352 1209 2405 quid
1246 2355 1288 2394 et
1323 2352 1524 2405 quomodo
1552 2351 1719 2394 Xuthus

189 2422 278 2475 ipse
307 2433 442 2464 secum
473 2422 716 2474 cogitaverit
742 2424 1092 2477 ratiocinatusque
1123 2424 1197 2475 sit,
1225 2424 1299 2466 sed
1328 2424 1404 2475 ita,
1444 2428 1491 2465 ut
1520 2436 1542 2465 e
1570 2423 1718 2476 paeda-

188 2491 286 2547 gogi
313 2496 449 2535 mente
477 2491 572 2535 illae
601 2493 875 2547 cogitationes
906 2494 990 2538 sint
1017 2493 1238 2549 profectae.

297 2562 488 2615 Namque
507 2562 593 2605 fieri
610 2575 742 2617 posse,
761 2568 808 2607 ut
823 2564 991 2608 Xuthus
1007 2565 1200 2608 mulieres
1219 2566 1435 2618 deciperet,
1453 2563 1717 2618 paedagogus
