1924 3019
870 134 922 173 16

124 264 248 311 filius.
302 266 381 310 His
409 279 434 310 e
461 268 572 312 vitiis
599 279 704 321 quae
732 265 882 310 deinde
910 266 989 310 sibi
1018 265 1119 310 dicit
1145 266 1257 310 mala
1278 270 1548 330 emanatura,
1577 278 1661 322 non

124 341 301 391 possunt
322 349 405 394 non
435 337 612 393 duplicia
637 348 749 390 esse,
786 348 833 381 se
861 337 1026 380 nullum·
1045 337 1303 381 nominatum
1334 338 1438 382 iria
1464 337 1671 393 nulloque·

124 408 359 464 oriundum.
424 408 472 451 In
509 404 662 462 quibus
710 420 801 451 cum
844 408 1017 451 eandem
1068 419 1257 457 censeam
1300 409 1544 462 negationis
1567 421 1668 453 esse·
1752 412 1755 413 ’

124 470 339 531 rationem,
366 479 406 521 in
435 478 634 521 vocabulo
661 479 798 535 μηδέν
827 479 930 521 duas
961 490 1081 521 voces
1109 477 1170 534 μή
1186 481 1245 521 >et
1271 477 1403 521 οῦδὲν
1421 477 1666 523 >delitescere

124 553 181 602 et,
207 561 297 591 cum
325 548 428 591 illud
456 548 515 604 μή
543 549 625 591 iam
652 548 881 599 evanuerit,
909 548 1091 601 aliquam
1125 548 1296 590 timendi
1324 548 1664 602 significationem
1742 578 1745 581 -

123 619 323 663 excidisse
359 623 479 662 ratus
517 619 604 661 sive
644 617 780 673 φόβος
816 619 909 660 ἔστι
948 618 1034 661 sive
1072 618 1168 667 δέος
1213 620 1308 661 ἔστι
1353 618 1442 662 sive
1479 618 1664 672 δέδοικα,

123 692 289 733 versum
317 689 378 731 sic
405 689 585 731 scribere
611 700 693 731 non
723 688 886 731 dubito:

341 759 514 801 δέδοικα
541 773 601 812 μη
630 758 759 800 οὐδὲν
785 759 823 799 κ’
852 758 1042 800 οὐδένων
1070 757 1342 814 κεκλήσομαι.

123 830 216 873 Hoc
243 830 330 873 loco
368 829 419 872 de
446 829 620 883 synizesi
659 829 859 871 vocalium
891 827 953 885 μή
978 831 1022 871 et
1050 828 1120 881 οὐ,
1162 829 1214 871 de
1244 829 1401 871 evitato
1438 829 1574 882 hiatu,
1611 830 1663 872 de
1700 837 1701 840 ’

121 900 264 945 futuro
291 899 550 957 κεκλήσομαι
577 904 624 943 ut
651 900 882 943 accuratius
912 900 1130 954 disputem,
1157 912 1275 943 nemo
1293 911 1320 942 a
1338 911 1403 942 me
1419 899 1658 953 postulabit.

233 973 279 1016 In
310 972 454 1016 eodem
485 971 647 1025 dialogo
673 970 742 1014 ubi
772 971 845 1013 Ion
876 974 1047 1025 propter
1082 970 1228 1013 matris
1255 970 1446 1013 timorem
1476 969 1662 1013 Athenas

122 1044 187 1087 ire
212 1056 257 1086 se
285 1043 397 1086 nolle
430 1042 666 1094 confitetur,
705 1054 847 1085 versus
882 1045 1098 1084 612-617
1133 1053 1224 1085 cum
1261 1042 1437 1095 primum
1477 1041 1661 1094 legimus,

122 1114 191 1158 vix
218 1113 377 1157 ferendi
404 1112 597 1156 videntur
625 1123 728 1155 esse.
785 1111 1012 1155 Offendunt
1038 1112 1147 1155 enim
1176 1115 1219 1155 et
1246 1112 1478 1154 sententiae
1505 1116 1660 1155 temere

119 1185 322 1238 repetitae
350 1188 395 1226 et
422 1184 678 1226 constructio
705 1183 996 1235 grammatica,
1037 1195 1125 1224 cum
1164 1194 1271 1235 quae
1306 1194 1381 1235 per
1409 1183 1656 1235 particulam

119 1248 216 1297 κᾶτ’
243 1254 296 1296 ad
334 1253 686 1307 constructionem
713 1252 1012 1295 coniunctionis
1041 1249 1149 1293 ὅταν
1176 1255 1475 1306 annectuntur,
1512 1265 1535 1294 a
1566 1265 1660 1295 sen-

120 1325 256 1368 tentia
282 1324 489 1368 enuntiati
508 1323 711 1378 primarii
739 1321 982 1378 μισήσομαι
1018 1322 1139 1365 valde
1174 1322 1442 1376 abhorreant,
1482 1327 1525 1365 et
1553 1335 1658 1378 quae

121 1396 176 1439 de
203 1394 447 1440 seminarum
475 1393 680 1438 veneficiis
708 1394 784 1438 Ion
812 1392 1036 1436 fabulatur.
1095 1393 1178 1437 Sed
1197 1394 1411 1447 quaeritur
1429 1407 1528 1437 num
1549 1395 1658 1439 desit

119 1467 186 1511 his
213 1467 323 1511 vitiis
350 1465 577 1510 excusatio.
646 1464 865 1508 Eruditum
906 1476 1007 1507 sane
1037 1465 1111 1509 Ion
1147 1476 1193 1508 se
1230 1465 1273 1507 in
1307 1465 1492 1509 omnibus
1530 1466 1656 1509 rebus

119 1539 316 1590 ostendit,
344 1538 417 1581 sed
445 1538 505 1580 ita
527 1541 576 1578 ut
603 1537 776 1579 scientia
805 1537 894 1578 eius
909 1548 990 1578 non
1012 1539 1095 1577 tam
1119 1547 1168 1577 ex
1191 1537 1444 1589 experientia
1471 1536 1657 1590 profecta

118 1621 226 1663 esse,
264 1608 336 1652 sed
363 1608 461 1651 solis
488 1607 784 1660 magistrorum
821 1606 1054 1660 praeceptis
1083 1606 1222 1649 deberi
1262 1606 1463 1649 videatur.
1519 1607 1657 1659 Quare

116 1692 258 1723 omnes
287 1679 560 1732 cogitationes
588 1677 644 1720 ad
670 1677 905 1730 generalem
923 1676 1132 1729 quandam
1151 1677 1353 1719 rationem
1375 1677 1529 1720 referre
1547 1678 1657 1720 solet

117 1750 336 1804 omniaque
373 1760 481 1804 quae
517 1747 572 1790 ad
616 1746 939 1798 confirmandam
978 1747 1066 1789 sive
1103 1746 1367 1790 refellendam
1406 1748 1654 1791 sententiam

116 1825 293 1876 possunt
312 1819 501 1874 proferri,
532 1830 755 1871 congerere
784 1822 826 1860 et
854 1818 1082 1871 disponere,
1114 1819 1235 1870 quasi
1260 1819 1295 1860 ei
1319 1819 1373 1860 sit
1399 1830 1425 1861 a
1450 1820 1654 1872 magistro

115 1892 321 1947 positum,
360 1890 411 1932 de
450 1901 533 1943 quo
569 1889 817 1932 declamitet.
884 1888 1003 1940 Quod
1045 1900 1138 1931 cum
1177 1900 1227 1930 ex
1257 1888 1349 1930 aliis
1386 1889 1485 1932 locis
1514 1890 1654 1933 multis

116 1973 332 2018 possumus
368 1972 615 2014 cognoscere
654 1960 868 2013 [compara
906 1959 963 2002 sis
1004 1972 1066 2001 vv.
1097 1961 1176 2001 239
1205 1971 1288 2013 sq.;
1328 1972 1390 2001 vv.
1427 1963 1654 2014 374—-380‚

115 2033 270 2089 quibus
308 2033 588 2083 demonstrat,
628 2043 733 2085 quae
772 2031 825 2073 dii
866 2030 984 2073 inviti
1022 2030 1142 2084 dent,
1184 2042 1275 2073 esse
1314 2030 1501 2085 inutilia,
1547 2044 1654 2085 quae

115 2107 287 2160 sponte,
326 2103 461 2156 utilia3
489 2115 553 2144 vv.
580 2101 842 2154 436-451),
882 2105 971 2144 tum
998 2101 1174 2144 maxime
1200 2113 1251 2143 ex
1277 2101 1335 2143 eis
1363 2113 1471 2155 quae
1500 2102 1543 2145 in
1573 2103 1652 2146 hoc

114 2187 209 2220 cum
237 2174 376 2219 Xutho
412 2173 616 2227 colloquio
651 2177 774 2227 poeta
807 2184 900 2215 eum
935 2172 1034 2215 facit
1062 2171 1355 2226 disputantem.
1412 2172 1460 2215 In
1489 2185 1573 2226 quo
1602 2179 1667 2217 ut¹

113 2246 246 2290 satius
272 2245 352 2288 sibi
379 2256 468 2287 osse
497 2245 751 2287 demonstret
779 2243 946 2296 Delphis
985 2254 1152 2285 manere
1188 2254 1312 2296 quam
1340 2243 1526 2287 Athenas
1553 2256 1651 2298 pro-

113 2317 253 2370 ficisci,
284 2316 460 2369 primum
484 2327 592 2368 quae
620 2327 665 2357 se
694 2314 867 2356 Athenis
897 2317 1117 2368 expectent
1143 2314 1419 2367 incommoda,
1450 2315 1597 2358 deinde
1627 2327 1653 2357 a

114 2398 236 2431 versu
263 2388 343 2428 633
370 2385 663 2440 quaeDelphis
681 2384 836 2426 habeat
857 2385 977 2437 bona,
1009 2384 1133 2437 longa
1160 2384 1441 2437 disputatione
1471 2385 1650 2438 exponit.

113 2461 252 2512 Atque
279 2458 322 2500 in
350 2456 488 2510 priore
522 2455 686 2509 quidem
726 2459 844 2508 parte
873 2458 1093 2507 postquam
1122 2454 1175 2496 de
1211 2454 1354 2497 infami
1389 2461 1541 2508 genere
1572 2467 1650 2498 suo

113 2532 178 2572 cst
205 2528 377 2582 locutus,
407 2533 493 2570 tres
520 2527 783 2581 potissimum
812 2537 962 2568 causas
991 2524 1132 2578 affert,
1160 2537 1270 2579 quae
1298 2537 1343 2568 se
1376 2526 1562 2569 Athenas
1590 2525 1651 2568 ire
