1924 3019
866 178 917 246 33

705 263 839 270 ’.-

160 357 162 359 ·
207 352 210 355 ·
238 343 352 394 Quae
390 339 425 382 si
455 343 567 381 recte
598 336 809 390 disputata
838 341 958 390 sunt,
977 354 980 358 ·
999 349 1139 380 omnes
1176 335 1436 379 difficultates
1464 336 1538 378 hoc
1566 335 1654 378 loco

85 394 87 396 Ι
130 410 309 463 remotae
338 414 461 452 sunt:
501 420 593 449 nam
624 412 667 448 et
704 410 878 448 metrum
917 411 1028 448 recte
1066 407 1273 458 procedit,
1317 411 1360 447 et
1394 406 1541 447 matris
1566 406 1655 447 iure

130 482 281 525 mentio
309 480 368 532 fit,
398 483 441 522 et
469 478 683 521 verborum
715 470 972 519 abundantia
1000 476 1167 519 tollitur.

171 559 173 561 ’
239 552 329 594 Νοῃ
358 560 524 602 possum
546 548 606 588 -ab
635 547 699 588 his
731 547 913 588 versibus
952 546 1179 597 discedere,
1227 546 1325 598 quin
1354 545 1403 586 (le
1437 546 1548 597 loco,
1588 544 1656 586 ubi

135 622 297 664 Creusa
325 620 462 662 filium*
480 617 687 671 pepererit
712 621 755 657 et
783 617 919 658 fasciis
948 616 1177 667 involverit,
1203 628 1332 668 pauca
1362 616 1501 657 dicam.
1552 615 1655 657 Nam

130 703 255 733 versu
282 693 359 732 949
390 688 552 730 Creusa
575 680 837 739 paedagogo,
884 686 953 727 ubi
996 685 1115 728 enixa
1155 686 1233 739 sit,
1277 685 1552 739 interroganti
1592 697 1656 728 re-

131 755 326 816 spondet,
355 773 398 802 se
427 760 467 801 in
497 759 714 811 spelunca,
757 758 797 799 in
827 758 908 810 q'ua
936 758 991 799 sit
1019 769 1267 809 compressa,
1295 758 1526 810 peperisse3
1565 769 1655 800 cum

130 832 354 876 Mercurius
393 831 435 872 in
464 824 635 883 prologo
674 841 708 870 v.
739 831 786 870 16
826 828 934 870 domi
970 840 1060 870 eam
1103 828 1253 870 dixerit
1291 828 1450 869 enixam
1489 840 1579 870 esse
1616 832 1657 870 et

131 904 239 946 idem
277 904 481 954 appareat
517 913 539 941 e
578 900 732 951 verbis,
782 911 886 951 quae
919 898 1072 940 Creusa
1109 900 1198 951 ipsa
1243 911 1279 940 v.
1321 902 1415 939 344*
1438 899 1544 940 edit:
1583 899 1658 941 τὸν
1726 896 1728 899 ’

133 973 256 1014 παῖδ’
281 970 331 1012 ὃν
361 972 502 1011 ἔτεκεν
537 971 717 1023 ἐξέθηκε
756 967 980 1022 δωμάτων.
1036 969 1216 1019 Quocum
1255 970 1443 1020 congruit
1481 968 1658 1012 Creusae

133 1043 316 1086 narratio
364 1054 422 1081 vv.
467 1042 750 1081 1486—1496:
794 1040 938 1079 ἔτεκον
981 1063 1019 1067 --
1063 1040 1208 1096 ἐνῆψα
1246 1038 1478 1092 σπάργανα
1505 1063 1554 1069 -
1586 1039 1659 1081 οὐκ

133 1115 319 1166 ἐπέσχον
347 1114 528 1165 τροφεῖα
556 1110 659 1151 οὐδὲ
688 1110 843 1163 λουτρά
860 1109 1006 1150 -οἷνοὶ
1036 1109 1073 1150 δ’
1087 1108 1245 1162 ἄντρον
1271 1112 1425 1165 ἔρημον
1453 1110 1659 1163 ἐκβάλλει,

133 1179 174 1225 et
210 1195 273 1224 vv.
304 1185 538 1223 897—901:
590 1183 717 1221 τίκτω
744 1180 822 1221 δὀἱ
849 1179 1058 1234 δύστηνός
1089 1188 1159 1222 ’σοι
1196 1183 1367 1233 κοῦρον,
1420 1181 1496 1222 τὸν
1530 1184 1661 1237 φρίκᾳ

137 1253 297 1306 ματρὸς
325 1251 383 1300 εἰς
411 1251 544 1292 εὐνάν
582 1249 727 1304 βάλλω
764 1251 846 1291 τάν
885 1249 993 1304 σάν,
1031 1249 1102 1292 ἵνα
1137 1265 1190 1303 με
1226 1251 1373 1303 ’λεχεσι
1411 1276 1444 1280 -
1484 1251 1636 1303 ἐζεύξω
1646 1269 1660 1303 ;

135 1335 229 1365 nam
278 1322 494 1375 utrobique
545 1322 677 1363 locum
724 1321 986 1374 expositionis
1032 1321 1220 1363 distineri
1267 1321 1450 1364 videmus
1496 1335 1521 1364 a
1573 1313 1660 1365 loco

132 1397 289 1446 partus.

242 1478 304 1520 Ne
333 1478 461 1518 dicam
493 1489 543 1517 ex
582 1477 750 1519 alterius
787 1476 895 1518 illius
939 1476 1016 1518 loci
1054 1477 1282 1518 imitatione
1328 1469 1443 1529 eum,
1494 1477 1544 1518 de
1581 1489 1662 1531 quo

138 1549 416 1601 disputamus,
466 1559 554 1589 esse
579 1551 715 1589 ortum
752 1538 972 1601 (suspicari
1015 1547 1091 1589 hoc
1120 1547 1237 1589 facile
1275 1548 1364 1600 quis
1402 1560 1424 1589 e
1457 1548 1664 1589 locutione

136 1617 352 1672 ζευγνύναι
388 1616 536 1671 γάμοις
571 1618 656 1659 sive
696 1617 862 1670 λέχεσιν
901 1617 978 1659 sibi
1015 1612 1244 1671 videatur);
1290 1629 1423 1675 nonne
1461 1617 1663 1660 absonum

135 1688 261 1746 dices,
307 1688 419 1740 quod
462 1688 730 1739 paedagogus
774 1687 894 1739 paulo
939 1690 1032 1739 post
1070 1699 1192 1739 quam
1234 1690 1270 1727 ev
1294 1687 1451 1728 Creusa
1493 1686 1665 1739 audivit,

134 1757 246 1803 illam
273 1757 402 1799 solam
430 1757 471 1799 in
501 1757 695 1810 spelunca
731 1761 897 1809 partum
936 1756 1134 1808 edidisse,
1175 1768 1296 1798 versu
1321 1760 1400 1799 954
1439 1769 1489 1799 ex
1522 1757 1664 1799 eadem

136 1828 319 1880 quaerit,
347 1828 438 1879 quis
465 1827 591 1869 filium
621 1828 876 1880 exposuerit,
906 1827 1025 1879 quasi
1053 1826 1124 1868 illa
1150 1827 1191 1868 in
1219 1838 1383 1880 specum
1412 1827 1589 1880 exiisset,
1618 1831 1666 1869 ut

135 1896 261 1939 filium
295 1898 511 1940 servaret?
571 1897 795 1939 Praeterea
842 1896 950 1950 quod
1002 1896 1156 1939 Creusa
1196 1897 1387 1949 deinceps
1426 1909 1466 1939 v.
1506 1896 1584 1940 955
1623 1898 1666 1940 in

136 1967 387 2018 obscuritate
414 1970 539 2019 atque
568 1968 759 2009 tenebris
777 1968 844 2017 (ἐν
873 1962 1033 2022 ὄρφνῃ)
1063 1978 1108 2009 se
1137 1966 1263 2009 filium
1290 1966 1525 2020 exposuisse
1553 1968 1666 2021 dicit,

138 2037 264 2079 multo
302 2038 463 2079 videtur
509 2038 770 2080 verisimilius
821 2050 910 2080 esse
962 2050 1052 2079 eam
1099 2037 1151 2079 ad
1200 2038 1484 2090 exponendum
1538 2037 1665 2081 filium

73 2139 75 2142 .
138 2107 350 2159 caliginem
381 2111 566 2159 opertam
596 2118 718 2159 quam
749 2121 851 2150 casu
880 2107 1055 2160 quodam
1087 2111 1210 2149 noctu
1238 2108 1398 2149 enixam
1427 2119 1528 2150 esse.
1579 2144 1581 2146 .

245 2192 403 2243 Quibus
431 2192 552 2239 rebus
580 2194 790 2247 perpensis
820 2206 900 2236 non
927 2193 1095 2247 dubito,
1126 2193 1223 2247 quin
1255 2205 1317 2236 vv.
1347 2196 1425 2236 948
1454 2197 1497 2236 et
1525 2197 1628 2237 949:

283 2266 417 2308 HM.
449 2265 535 2303 ποῦ
544 2279 559 2313 ,·
587 2266 649 2311 τίς
676 2263 842 2317 λοχεύει
867 2261 988 2319 σ’ςῆ
1014 2262 1125 2318 μόνη
1153 2267 1334 2317 μοχθεῖς
1357 2263 1485 2317 τάδες

298 2335 381 2373 ΚΡ.
412 2332 522 2387 μόνη
546 2333 637 2373 κατ’
665 2332 841 2388 ἄντρον,
872 2327 1007 2388 οὗπερ
1036 2334 1246 2389 ἐζεύχθην
1270 2334 1419 2388 γάμοις

105 2461 107 2463 .
138 2408 211 2470 pro
240 2417 391 2469 spuriis
420 2418 510 2461 sint·
530 2418 726 2475 habendi3
776 2422 843 2475 qui
883 2434 956 2464 cur
999 2421 1050 2464 ab
1088 2420 1223 2464 aliena
1261 2433 1384 2464 manu
1413 2421 1498 2464 sint
1527 2420 1671 2475 additi,

140 2486 390 2539 probabilem
419 2501 584 2535 causam
611 2492 794 2534 invenire
823 2493 1011 2534 videmur
1036 2503 1183 2545 posse,
1229 2504 1300 2534 cur
1331 2491 1547 2543 Euripides
1576 2503 1673 2533 nar-

139 2556 336 2611 rationem
367 2560 604 2612 mutaverit,
636 2573 715 2604 non
746 2563 988 2616 poterimus,

1427 2648 1446 2682 3

0 2990 112 3019 ezraii·
126 3012 130 3015 .
161 3012 185 3019 4
211 3016 214 3019 Δ
