1924 3019
914 118 969 155 24

171 259 280 302 quae
310 261 375 292 res
403 261 495 293 cum
522 250 648 293 toties
676 250 719 292 in
746 248 889 291 fabula
917 252 1124 303 recurrat,
1160 249 1230 291 vix
1255 250 1428 304 cogitari
1453 254 1596 310 potest
1609 260 1717 293 cam

171 318 228 361 ab
254 319 454 375 Euripide
492 320 571 362 hoc
608 320 695 361 loco
727 331 820 362 esse
848 320 1187 372 praetermissam
1227 320 1299 375 (cf.
1330 334 1366 362 v.
1397 325 1476 362 657
1504 333 1579 374 sq.,
1611 318 1714 373 ⁴680,

172 390 255 432 699
283 401 366 444 sq„
406 393 504 444 772,
547 393 643 442 775,
682 392 782 442 817,
821 393 920 436 915.
957 393 1079 442 1025,
1120 389 1260 444 1070).
1327 391 1446 433 Illam
1484 392 1715 434 cautionem

172 459 328 513 optime
364 460 537 514 exprimi
586 459 723 503 verbis
769 461 847 501 τὸν
895 459 1067 514 φθόνον
1106 458 1361 513 ἀμύνεσθαι
1386 488 1389 490 -
1411 461 1553 502 θέλων
1581 460 1714 504 μιιειίιο

172 528 435 573 infitiabitur.
515 531 572 573 At
621 526 875 573 constructio
886 546 900 582 ,·
953 529 1112 583 inquis,
1164 530 1436 582 grammatica
1485 531 1584 573 talis
1637 535 1716 583 est,

174 603 224 642 ut
252 599 323 642 illa
349 599 480 642 verba
509 611 650 643 eorum
675 611 779 653 quae
800 603 1052 652 sequuntur:
1081 599 1299 652 τυραννίδ’
1326 599 1448 653 αὐτῷ
1475 599 1564 642 κτλ.
1589 612 1715 644 causa

171 680 265 712 esse
292 667 527 721 videantur,
553 670 672 723 quasi
703 669 888 712 dicatur:
917 669 1083 712 Xuthus
1112 669 1206 712 ideo
1235 669 1378 712 Ionem
1407 683 1547 722 regem
1579 670 1715 713 facere

175 738 363 793 volebat,
399 741 496 794 quia
523 740 721 783 invidiam
752 739 960 783 declinare
987 739 1200 794 cupiebat:
1240 739 1391 783 idcirco
1421 740 1622 783 absonum
1652 745 1717 783 est

172 809 372 853 scribere:
400 810 479 853 τὸν
498 808 672 867 φθόνον
686 810 943 864 ἀμύνεσθαι
963 811 1121 854 θέλων.
1163 810 1226 855 Ad
1245 811 1327 854 ista
1345 810 1447 854 haec
1465 811 1714 865 respondeo:

282 881 391 924 Ante
415 881 553 924 omnia
580 893 725 924 cavere
762 885 805 924 te
834 881 954 924 iubeo
983 881 1247 935 participium
1282 881 1427 924 θέλων
1455 894 1547 924 cum
1579 882 1715 924 verbis

172 952 428 1006 περιβαλεῖν
455 951 605 1006 ἔμελλε
633 963 683 994 ne
711 952 949 1005 coniungas,
976 952 1050 994 sed
1070 955 1210 995 mente
1232 956 1388 1006 teneaS,
1415 965 1580 1006 quaeso,
1611 952 1715 995 illud

171 1022 438 1075 participium
475 1034 568 1065 cum
606 1021 686 1075 eis,
724 1034 833 1076 quae
870 1022 1140 1076 antecedunt,
1179 1023 1526 1076 coniungendum‚
1566 1023 1627 1065 ita
1670 1028 1716 1066 ut

172 1092 441 1143 grammatice
478 1092 745 1135 subiunctum
779 1092 837 1135 sit
875 1093 1095 1145 participio
1132 1091 1294 1135 πιθών.
1360 1092 1467 1135 Nam
1497 1093 1714 1146 quominus

171 1161 480 1216 participiorum
518 1160 667 1204 πιθών
695 1166 738 1204 et
766 1161 911 1204 θέλων
951 1161 1123 1205 eandem
1160 1162 1362 1205 rationem
1400 1162 1582 1206 dicamus
1608 1175 1714 1216 esse,

172 1231 366 1289 impediti,
402 1233 514 1286 quod
544 1233 647 1275 illud
687 1232 984 1284 condicionem,
1019 1232 1098 1275 hoc
1131 1245 1300 1275 causam
1329 1233 1503 1275 indicat:
1542 1246 1624 1287 quo
1654 1233 1715 1285 fit,

173 1306 223 1345 ut
248 1302 348 1346 illud
379 1304 452 1346 καὶ
481 1317 559 1347 non
599 1303 748 1357 copula
788 1302 995 1355 habenda,
1032 1302 1105 1346 sed
1139 1315 1216 1356 per
1251 1303 1495 1358 particulam
1537 1303 1712 1347 »etiamae'

174 1372 232 1415 sit
258 1374 520 1417 vertendum.
589 1374 745 1417 Novam
784 1385 950 1417 causam
981 1377 1119 1416 autem
1150 1374 1192 1416 in
1233 1374 1453 1428 participio
1484 1374 1627 1417 θέλων
1655 1375 1716 1418 in-

174 1454 268 1486 esse
293 1443 475 1497 Delphos
504 1444 625 1488 eundi
651 1443 892 1498 fraudisque
922 1443 1159 1497 nectendae,
1194 1456 1247 1487 ex
1273 1444 1333 1488 eis
1359 1456 1465 1498 quae
1495 1457 1619 1499 supra
1644 1457 1717 1489 ‘ex-

173 1514 294 1567 posui
320 1520 506 1568 apparet.
574 1514 750 1559 Volebat
787 1527 810 1557 e
847 1514 1080 1568 paedagogi
1120 1515 1327 1558 sententia
1366 1515 1532 1558 Xuthus
1572 1516 1716 1559 eodem

175 1584 319 1639 modo,
348 1588 396 1628 ut
422 1585 615 1628 adulterii
653 1585 825 1636 crimen,
854 1584 1052 1628 invidiam
1080 1584 1256 1637 evitare,
1291 1584 1402 1638 quod
1427 1589 1595 1639 poterat
1621 1598 1717 1640 pro-

175 1655 361 1699 nuntiari
400 1656 525 1699 verbo
562 1655 701 1699 finito:
741 1653 996 1710 ἀμύνεσθαι
1026 1655 1200 1709 ἔθελεν,
1238 1655 1397 1709 pariter
1431 1667 1480 1698 ac
1520 1656 1717 1710 scriptum

174 1729 241 1769 est
278 1725 491 1781 ἀνέφερεν
527 1725 660 1781 (quod
698 1725 803 1769 idem
844 1725 955 1769 valet
991 1729 1118 1780 atque
1161 1725 1396 1781 ἀναφέρειν
1433 1726 1629 1780 ἔμελλεν)
1672 1731 1716 1771 et

175 1798 428 1852 περιβαλεῖν
466 1796 668 1851 ἔμελλενς
713 1796 787 1839 sed
824 1808 917 1839 cum
955 1796 1131 1849 primam
1169 1796 1416 1839 sententiam
1450 1797 1716 1850 paedagogus

175 1868 410 1921 repetiisset
439 1867 661 1920 participio
690 1864 854 1917 πιθών,
885 1866 925 1908 h.
949 1878 985 1908 e.
1016 1865 1152 1919 »quod
1181 1866 1217 1908 si
1239 1861 1366 1920 (tibi)
1394 1867 1612 1920 persuasit,
1644 1868 1715 1911 scl.

174 1939 406 1992 Apollinem
433 1941 646 1980 auctorem
675 1936 750 1979 filii
778 1949 919 1989 esse«,
947 1937 1092 1978 statim
1129 1948 1233 1978 nova
1271 1948 1417 1989 causa,
1454 1949 1526 1979 cur
1556 1938 1595 1979 id
1624 1951 1718 1991 per-

175 2009 351 2054 suadere
372 2009 556 2061 studeat,
587 2008 766 2051 adicitur
789 2001 1008 2060 participio
1028 2006 1188 2060 θέλων,
1217 2007 1439 2050 consilium
1467 2006 1558 2050 dico
1587 2009 1716 2052 simul

175 2079 242 2137 (in
267 2077 578 2136 persuadendo)
618 2079 747 2122 etiam
781 2078 972 2122 invidiae
1010 2077 1294 2133 effuyiendae,
1334 2077 1480 2121 eodem
1519 2079 1642 2122 modo
1671 2083 1718 2123 ut

174 2150 370 2195 adulterii
397 2151 549 2193 crimen
577 2149 758 2203 effugere
793 2149 829 2192 ei
858 2148 1046 2202 contigit.
1102 2148 1258 2191 Nostra
1286 2148 1427 2202 lingua
1458 2153 1592 2192 verto:
1636 2155 1716 2193 uno
1754 2146 1759 2149 “

173 2232 290 2265 menn
319 2233 358 2264 et
388 2218 509 2275 (isich)
536 2222 666 2263 buron
694 2219 894 2274 fibergeugt
923 2218 1042 2273 britte,
1082 2218 1204 2262 inobei
1239 2230 1279 2262 er
1307 2219 1398 2267 oud)
1427 2221 1505 2261 bem
1533 2220 1643 2274 ᾦαῇε
1670 2233 1716 2275 51¹

174 2291 357 2347 entgeben
381 2291 649 2346 beabftcbtigte,
691 2289 729 2342 Ῐο
773 2290 901 2333 monte
931 2300 971 2333 er
1000 2301 1048 2332 zc.
1113 2288 1385 2332 Parenthesin
1425 2290 1715 2343 propemodum

175 2363 348 2407 dixerim
375 2362 487 2405 illam
513 2361 708 2416 loquendi
735 2361 994 2403 brevitatem.

283 2434 436 2481 Totum
462 2433 598 2478 locum
627 2433 756 2487 igitur
784 2432 844 2476 sic
871 2430 1131 2475 scribendum
1160 2433 1204 2474 et
1231 2430 1479 2475 vertendum
1505 2435 1627 2487 puto:

931 2500 1149 2544 κᾶπλεκεν
1176 2501 1339 2551 πλακεὶς

393 2574 563 2624 reads-‹5³-
593 2573 722 2622 ἁλούς
749 2576 830 2626 μὲν
859 2573 1035 2627 ἀνέφερ’
1063 2571 1121 2621 εἷς
1148 2572 1228 2614 τὸν
1250 2572 1450 2627 δαίμονα,
