1924 3019
893 117 898 123 ’
928 117 980 156 22

176 258 233 313 ne
250 229 459 302 ,cogitavit
488 249 673 303 quidem,
707 248 779 302 qui
818 252 940 291 tanto
976 252 1043 292 est
1077 249 1226 292 mentis
1260 249 1466 303 acumine,
1503 252 1550 292 ut
1578 253 1721 296 totam,
1802 256 1812 282 -’
1882 275 1924 313 2³.

174 314 362 367 fraudem
380 319 525 372 primo
549 318 698 360 obtutu
725 318 958 372 perspicere
983 319 1065 362 sibi
1089 319 1294 373 videatur,
1332 323 1376 361 et
1403 318 1580 361 Creusae
1610 330 1718 372 quo·-
1800 361 1804 365 .

176 391 258 442 que
282 386 396 433 facili
416 384 594 444 ’negotio
620 387 855 443 persuadet,
883 393 932 433 ut
956 389 1088 444 ipsius
1115 383 1370 443 argumentis
1399 388 1521 433 fidem
1550 389 1718 434 habeat.

177 457 317 512 Atque
342 468 410 500 res
437 458 529 513 ipsa
557 459 657 502 talis
688 464 801 513 erat,
834 460 876 502 in
915 471 999 513 qua
1025 459 1198 509 Creusa-
1219 464 1263 503 et
1300 460 1569 513 paedagogus
1598 459 1717 503 facile

176 525 454 584 suspitionem
474 537 689 584 caperent:
717 542 813 573 nam
841 535 1017 573 mortem
1045 531 1124 573 sibi
1145 531 1313 584 minari,
1342 531 1379 573 si
1406 531 1503 584 quid
1521 532 1717 584 aperiret,

178 597 328 643 chorus
360 599 641 654 indicaverat,
681 599 942 644 nihilominus
979 605 1119 644 tamen
1156 605 1380 655 aperuerat
1411 600 1552 644 Xutho
1590 600 1716 644 filium

178 668 323 713 datum
357 680 465 713 esse.
541 671 698 727 Quodsi
749 671 850 714 haec
892 672 983 715 sola
1021 672 1214 714 indicatio
1252 668 1340 714 seni
1379 672 1438 714 illi
1475 671 1626 714 suffieit
1664 671 1718 713 ad

179 740 698 799 coarguendumXuthum
726 741 996 795 fraudemque
1022 742 1145 796 plane
1173 732 1462 795 detegendam,
1497 742 1592 784 inde
1621 753 1720 784 con-

178 810 384 864 sequitur,
424 811 644 854 secundum
679 812 918 865 paedagogi
953 812 1158 855 rationem
1196 826 1242 855 eo
1275 814 1369 866 ipso
1399 817 1599 866 tempore,
1639 826 1720 866 quo

133 919 136 922 ⁴
168 879 297 935 filius
341 882 649 934 adsciscatur„
679 883 871 926 Xuthum
911 883 1118 926 adulterii
1160 896 1250 927 esse
1292 884 1540 936 convictum,
1573 887 1719 936 'neque

179 950 308 995 ullam
348 952 653 997 excusationem
692 957 735 997 et
767 953 1069 997 simulationem
1101 965 1194 997 eum
1230 953 1398 1008 crimine
1435 953 1718 997 liberaturam.

182 1023 387 1074 Quoniam
414 1029 552 1067 autem
571 1036 708 1077 senex,
737 1031 787 1067 ut
813 1037 940 1078 supra
964 1025 1156 1076 vidimus,
1183 1036 1276 1068 eam
1304 1026 1435 1078 ipsam
1460 1025 1512 1067 ob
1540 1037 1718 1076 causam,

177 1095 234 1137 ut
267 1092 397 1137 filium
434 1095 617 1149 spurium
656 1095 877 1150 reciperet,
915 1095 1099 1139 Xuthum
1138 1094 1323 1149 Delphos
1359 1093 1588 1150 profectum
1627 1105 1720 1137 esse

181 1166 355 1212 statuit,
394 1166 475 1207 iam
506 1155 861 1220 intellegis‚'quid
890 1167 1106 1220 senserim,
1137 1178 1230 1209 eum
1261 1179 1387 1220 supra
1415 1167 1563 1209 verba:
1591 1166 1721 1213 οἳλούς

179 1239 264 1290 μέν
289 1234 377 1294 κτλ.
414 1251 436 1279 e
465 1241 598 1280 mente
617 1237 861 1292 paedayoyi
881 1237 1080 1291 profecta
1118 1251 1208 1280 esse
1245 1236 1548 1280 contenderem.
1614 1238 1719 1280 Nam

180 1298 440 1348 haec‘verba
464 1306 543 1361 „hoc
571 1307 670 1349 mihi
691 1303 921 1360 significare
941 1306 1152 1349 videntur:
1171 1298 1368 1348 ‘Xuthum
1389 1318 1480 1349 eum
1512 1308 1722 1349 convietus

182 1376 262 1428 sit,
288 1376 328 1420 h.
354 1389 388 1419 e.
418 1389 510 1420 cum
538 1378 692 1420 crimen
721 1381 912 1431 apertum
941 1381 985 1420 et
1011 1389 1059 1420 eo
1083 1377 1252 1440 quidem
1281 1380 1473 1431 apertum
1504 1379 1581 1430 sit,
1611 1379 1719 1431 quod

183 1446 314 1491 filium
344 1443 630 1501 adoptaverit,
659 1447 892 1502 Apollinem
919 1459 1009 1490 esse
1038 1452 1250 1491 auctorem
1279 1447 1576 1491 simulaturum.

293 1518 383 1561 Hoc
424 1519 554 1572 igitur
596 1531 723 1562 unum
767 1523 882 1571 erat,
914 1518 1043 1572 -quod
1086 1518 1272 1561 Xuthum
1326 1520 1493 1572 assequi
1545 1519 1723 1562 voluisse

183 1587 453 1643 paedagogus
491 1589 593 1632 dicit
630 1580 766 1633 etad
808 1589 916 1643 quod
964 1582 1163 1643 imprimis
1206 1588 1423 1632 referenda
1459 1592 1578 1643 puto,
1617 1602 1724 1644 quae

185 1658 335 1703 chorus
371 1660 565 1714 deinceps
602 1661 653 1703 de
693 1663 907 1716 μηχαναῖς
949 1660 1150 1714 loquitur,
1196 1673 1328 1714 neque
1373 1661 1508 1702 minus
1555 1661 1724 1703 verbum

183 1736 563 1788 μεμηχανημένως,
612 1730 721 1786 quod
771 1742 899 1774 senex
942 1730 1061 1789 *initio
1110 1730 1308 1774 sermonis
1345 1730 1410 1773 sui
1439 1735 1723 1784 usurpaverat.

184 1801 377 1845 Alterum
398 1799 564 1855 contra,
592 1802 649 1845 ad
677 1802 789 1856 quod
817 1805 980 1855 spectat
1007 1801 1110 1844 illud
1130 1800 1468 1855 ἐκβαλλόμεσθα
1497 1805 1540 1843 et
1566 1801 1727 1855 ὑβριζό-

37 1857 55 1896 7
98 1897 105 1901 -
185 1863 362 1931 μεσθὰ,
401 1877 496 1917 erat
522 1869 654 1917 Xuthi
691 1872 906 1916 consilium
938 1872 1012 1916 filii
1049 1872 1164 1925 regia
1201 1874 1412 1925 potestate
1452 1872 1724 1925 impertiendi.

187 1946 355 1990 Satisne
384 1944 449 1988 his
481 1944 641 1987 duabus
670 1944 888 1987 sententiis
915 1942 1187 1997 oppositionis
1223 1942 1359 1984 inesse
1397 1942 1608 2000 concedis,
1646 1954 1727 1996 qua

185 2016 418 2075 particulae
446 2020 530 2070 μέν
556 2016 600 2058 et
637 2015 690 2057 δέ
725 2006 1009 2070 explicentur?
1063 2012 1265 2067 Equidem
1299 2012 1391 2056 illas
1420 2012 1482 2055 ita
1520 2013 1728 2067 intellego,

187 2093 239 2134 ut
263 2089 380 2144 prior
404 2087 528 2144 (μέν)
558 2085 782 2140 significet,
821 2084 931 2138 quod
968 2096 1044 2127 nos
1083 2083 1255 2127 dicimus
1293 2087 1406 2139 „mail
1444 2085 1517 2126 buz
1545 2083 1728 2140 hetrifftu,

190 2159 483 2218 „einesstbeiwn
514 2170 653 2213 -paene
693 2156 868 2200 dixerim
908 2154 1118 2210 „etitenfffl
1156 2155 1292 2197 altera
1328 2154 1424 2211 (δέ)
1465 2156 1727 2199 enuntiatum

187 2232 424 2284 continuet,
462 2230 581 2285 quasi
618 2228 772 2272 dictum
812 2227 868 2270 sit
908 2227 1013 2282 „aab
1053 2225 1199 2280 banau,
1244 2224 1408 2280 „femer-
1431 2224 1559 2279 ube-cu,
1598 2229 1640 2269 et
1669 2225 1730 2268 ita

163 2299 166 2303 ’
188 2303 376 2358 quidem,
393 2306 441 2344 ut
466 2300 707 2354 posterioris
734 2298 905 2342 membri
922 2298 1098 2351 primum
1118 2297 1287 2339 verbum
1313 2294 1517 2349 πιθών*)
1546 2296 1731 2339 breviter

187 2376 392 2428 tanquam
421 2381 620 2414 summam
646 2369 795 2423 prioris
824 2368 981 2422 partis:
1006 2366 1185 2423 ἀνέφερ’
1210 2366 1270 2416 εἰς
1295 2367 1374 2409 τόν
1403 2366 1593 2420 δαίμονα
1620 2377 1730 2409 com-

279 2537 314 2581 *)
337 2535 430 2572 Nam
451 2535 523 2570 hoe
555 2532 703 2569 verbum
734 2531 832 2568 facili
861 2530 1005 2576 negotio
1040 2539 1062 2565 e
1095 2532 1265 2575 corrupta
1302 2537 1390 2586 voce
1422 2527 1593 2564 librorum
1618 2527 1730 2561 ἐλθόν

188 2593 391 2632 restituitur
414 2596 452 2629 et
475 2591 513 2628 in
534 2589 748 2627 sententiam
773 2588 909 2635 optime
935 2586 1100 2633 quadrat.
