1924 3019
927 142 952 179 6

174 273 405 316 ministeria
423 274 512 317 eius
531 286 611 316 non
633 273 812 316 eiusdem
835 273 999 325 generis
1025 276 1126 316 sunt
1153 285 1203 316 ac
1231 275 1477 328 reliquorum
1507 286 1717 318 servorum

173 353 311 397 neque
338 343 473 397 ipsum
501 356 649 386 nomen
678 343 787 385 servi
821 344 991 397 propria
1027 344 1201 387 notione
1231 345 1533 399 accipiendum,
1568 345 1717 400 quippe
1751 372 1754 375 -

173 423 267 455 cum
295 414 371 456 Ion
410 413 592 456 melioris
629 413 755 456 sortis
793 413 871 456 sibi
911 414 1000 467 ipse
1033 415 1220 457 conscius
1255 415 1310 457 ab
1347 415 1536 468 Apolline
1570 427 1615 458 se
1642 414 1716 457 filii

173 481 266 526 loco
293 482 436 526 haberi
463 484 569 526 bene
598 484 705 526 sciat
733 476 805 539 (cf.
832 497 870 526 v.
904 487 981 526 136
1010 483 1137 539 sqq.).
1205 485 1388 537 Quocum
1429 486 1584 540 optime
1622 497 1717 529 con—

174 554 308 606 gruit,
347 553 459 607 quod
496 553 638 596 Xutho
677 555 980 606 interroganti:
1033 555 1148 597 οἷλλοὶ
1181 559 1246 604 τίς
1282 555 1545 611 προφητεύει
1581 559 1717 607 3⁶05,-

173 623 259 666 Ion.
288 637 324 665 v.
353 628 433 667 415
463 624 699 678 respondet:
728 624 850 679 ἡμεῖς
874 624 931 667 τοί
956 625 992 679 γ’
1016 627 1110 678 ἔξω,
1138 628 1226 667 τῶν
1255 628 1340 669 ἔσω
1366 623 1561 676 δ’ἄλλοις
1586 626 1715 681 μέλει,

173 692 322 749 quibus
359 695 495 738 verbis
534 707 614 738 non
651 695 834 738 indicare
883 695 973 738 vult
1011 696 1066 739 ad
1105 708 1149 739 se
1183 699 1392 751 pertinere
1431 695 1717 753 προφητεύειν

171 765 231 806 τοὶ
259 767 363 818 ἔξω,
403 767 513 819 quod
554 779 680 808 seusu
716 770 853 819 caret,
902 767 975 808 sed
1002 767 1193 820 loquendi
1221 769 1399 821 quadam
1439 769 1646 810 brevitate
1673 768 1715 809 in

173 835 312 888 priore
356 841 479 890 parte
525 837 680 879 omittit
724 837 934 880 notionem
976 837 1151 880 alicuius
1203 838 1340 892 verbi,
1389 839 1451 880 cui
1489 839 1530 879 in
1580 838 1716 879 altera

173 907 399 958 respondet
427 920 507 950 vox
532 908 670 961 μέλει,
708 909 825 961 quasi
849 908 1005 950 dictum
1041 913 1169 950 esset:
1209 909 1351 963 ἡμεῖς,
1390 909 1429 950 h.
1461 922 1495 950 e.
1525 921 1623 961 ego,
1659 905 1715 950 va*

172 976 209 1029 γ’
233 968 314 1026 ἔξω
343 978 497 1030 ἔχομεν
524 977 580 1019 δι’
607 978 878 1031 ἐπιμελείας,
917 979 1181 1032 διοικοῦμεν,
1219 983 1420 1021 curamus.
1486 980 1589 1021 Nam
1624 991 1714 1022 cum

172 1046 231 1087 vn?
258 1048 339 1096 ἔξω
366 1052 635 1100 opponuntur
671 1051 761 1097 τοῖς
797 1050 904 1100 ἔσω,
951 1049 1087 1091 omnia
1126 1049 1260 1092 officia
1297 1055 1340 1092 et
1370 1050 1480 1091 intra
1516 1054 1558 1091 et
1595 1054 1715 1092 ext-ra

173 1116 318 1159 aedem
352 1118 606 1171 praestanda
652 1118 865 1172 intellego,
920 1131 999 1160 non
1049 1119 1170 1161 modo
1222 1132 1292 1162 eas
1336 1132 1427 1174 res,
1483 1132 1584 1172 quas
1622 1121 1715 1173 quis

174 1187 449 1243 προφητεύει.
523 1189 783 1242 Hartungius
823 1190 952 1244 igItur
990 1195 1129 1243 errat,
1149 1188 1151 1191 ’
1173 1191 1243 1244 qui
1282 1192 1322 1233 in
1362 1191 1468 1233 libro
1501 1203 1618 1244 quem
1654 1192 1715 1233 in-

172 1259 340 1312 scripsit
384 1260 631 1312 »Euripides
670 1261 914 1302 restitutus«
964 1262 994 1302 I.
1039 1274 1079 1314 p.
1121 1266 1201 1303 478
1245 1262 1378 1304 Ionem
1419 1267 1463 1304 et
1506 1262 1714 1304 ministros

172 1329 358 1383 appellat
385 1329 674 1386 προφήτας*).
742 1331 897 1382 Quodsi
931 1331 1005 1373 lon
1034 1332 1092 1373 τοὶ
1121 1333 1203 1382 ἔξω
1231 1332 1468 1374 ministrare
1497 1337 1539 1374 et
1567 1344 1714 1375 curare

173 1399 346 1452 dicitur,
384 1400 530 1452 quodsi
561 1400 792 1453 praefectus
830 1406 896 1444 est
935 1406 978 1443 et
1018 1403 1233 1444 domorum
1272 1406 1316 1444 et
1352 1415 1472 1456 opum
1509 1403 1713 1444 ministro-

173 1482 345 1524 rumque
377 1475 534 1526 custos‚
591 1471 734 1524 quidni
773 1472 959 1525 Euripidi
1003 1484 1095 1515 eum
1139 1472 1353 1526 magnifico
1404 1484 1503 1515 sane
1551 1473 1712 1515 nomine

264 1641 302 1685 ²¹¹)
325 1640 479 1677 Accedit
504 1641 599 1685 quod
631 1641 731 1677 nullo
763 1641 843 1690 loco
878 1643 1001 1678 Ionem
1025 1641 1246 1689 προφητεύειν
1274 1652 1317 1677 ex
1341 1642 1409 1678 hac
1440 1642 1561 1678 fabula
1591 1641 1712 1687 colligi

170 1701 301 1744 potest.
348 1697 441 1733 Nam
467 1709 560 1743 quae
585 1698 651 1734 Ion
675 1698 839 1735 versibus
865 1700 1046 1735 369—380
1067 1698 1212 1736 disserit
1236 1698 1406 1734 Creusam
1429 1698 1640 1745 admonens,
1666 1709 1711 1734 ne

171 1767 215 1792 ex
238 1756 410 1801 Apolline
434 1760 601 1801 quaerat,
633 1756 728 1802 quod
762 1756 851 1792 deus
882 1757 1003 1793 celare
1035 1757 1140 1802 velit,
1172 1756 1384 1792 sententiam
1407 1756 1609 1801 generalem
1632 1766 1711 1792 esse

172 1823 279 1859 quam
303 1813 427 1849 dicunt
452 1823 569 1858 neque
603 1813 648 1848 ad
683 1814 779 1849 Ionis
815 1814 971 1850 officium
1003 1812 1221 1849 vaticinandi
1253 1816 1417 1857 spectare
1449 1823 1528 1848 cum
1562 1823 1606 1849 ex
1636 1817 1712 1849 tota

169 1869 342 1914 loquendi
367 1870 507 1906 ratione
531 1874 606 1906 tum
629 1881 673 1906 ex
700 1881 743 1906 eo
766 1871 963 1907 clarissime
986 1870 1117 1912 elucet,
1141 1868 1238 1915 quod
1258 1868 1497 1914 auspiciorum
1515 1869 1574 1914 (δι’
1588 1869 1711 1904 οἰωνῶν

169 1928 322 1974 πτεροῖς)
354 1927 526 1963 indicatio
560 1928 618 1973 fit,
657 1938 749 1973 quae
784 1928 937 1973 Delphis
969 1927 1144 1972 imprimis
1178 1925 1304 1962 habita
1338 1935 1418 1962 esse
1445 1937 1618 1972 nusquam
1640 1931 1712 1963 tra-

170 1982 274 2029 ditur.
330 1984 430 2021 Haec
466 1984 577 2020 verba
609 1985 651 2018 δι’
688 1985 811 2018 οἰωνῶν
844 1993 979 2032 πτεροῖς
1017 1988 1101 2021 sunt
1143 1995 1187 2020 ex
1220 1983 1289 2026 eis,
1341 1992 1433 2027 quae
1471 1983 1556 2019 viris
1596 1983 1711 2021 doctis

96 2057 110 2071 ι
168 2041 347 2077 variarum
379 2042 616 2078 mutationum
648 2043 873 2078 occasionem
902 2043 1157 2087 praebuerunt.
1223 2040 1400 2085 Equidem
1431 2040 1468 2076 in
1502 2041 1557 2077 his
1594 2042 1711 2077 verbis

167 2109 241 2135 non
263 2097 423 2144 offendo,
459 2109 541 2135 cum
574 2099 683 2134 verba
716 2100 757 2133 δι’
786 2099 910 2133 οἰωνῶν
944 2098 1147 2143 significare
1177 2101 1321 2143 putem:
1366 2107 1411 2133 ex
1442 2098 1585 2139 avibus,
1619 2100 1712 2134 sicut

168 2155 301 2191 dicitur
324 2154 344 2199 ἡ
367 2156 410 2189 δι’
433 2155 558 2190 οἰωνῶν
582 2156 748 2199 μαντική,
783 2160 840 2197 et,
875 2166 946 2200 qua
967 2156 1109 2191 ratione
1133 2154 1298 2199 auspicia
1322 2165 1366 2189 ex
1389 2155 1512 2190 avibus
1538 2155 1712 2200 capienda

168 2212 241 2249 sint
264 2216 305 2248 ut
328 2212 456 2248 melius
479 2213 732 2257 intellegatur,
771 2211 854 2247 addi
880 2211 1036 2248 dativum
1062 2219 1197 2259 πτεροῖς
1219 2212 1256 2246 h.
1283 2221 1315 2246 e.
1343 2211 1463 2246 volatu
1487 2212 1550 2247 sel.
1575 2212 1710 2257 alitum,

166 2271 220 2306 ita
242 2274 284 2306 ut
304 2269 393 2306 haec
426 2269 497 2306 duo
530 2271 641 2306 verba
672 2280 744 2305 non
779 2274 853 2305 tam
889 2274 985 2305 arcte
1020 2270 1114 2305 inter
1147 2279 1187 2304 se
1219 2268 1428 2310 cohaerere,
1466 2279 1572 2313 quam
1603 2268 1711 2304 simili

165 2327 306 2364 ratione
333 2327 379 2363 ad
402 2327 647 2372 praedicatum
671 2327 891 2371 ἐκπονήσομεν
919 2325 1051 2374 φράζειν
1074 2326 1257 2372 pertinere
1290 2324 1489 2361 videantur.
1538 2326 1608 2361 Sed
1633 2330 1712 2362 utut

166 2387 257 2422 haec
279 2395 341 2420 tes
366 2394 405 2420 se
429 2385 555 2427 habet,
580 2385 809 2429 auguriorum
833 2385 966 2421 mentio
990 2385 1059 2420 hoc
1081 2385 1162 2420 loco
1186 2387 1315 2418 manet.
1364 2383 1449 2418 Cum
1466 2383 1710 2419 Schoemanno

166 2441 317 2489 (Opusc.
346 2453 398 2479 ac.
423 2442 488 2488 IV,
515 2443 593 2487 135)
617 2442 772 2486 Delphis
794 2446 842 2477 et
866 2441 1055 2486 extispicia
1090 2444 1128 2476 et
1163 2440 1323 2486 auyuria
1356 2439 1480 2475 habita
1516 2450 1597 2475 esse
1629 2451 1710 2477 con-

166 2499 339 2536 tendente
364 2500 485 2536 facere
508 2509 667 2545 nequeo,
701 2509 781 2535 cum
805 2510 921 2543 neque
944 2499 982 2534 in
1005 2497 1085 2534 eius
1111 2497 1258 2543 Antiqu.
1285 2508 1336 2541 gr.
1362 2508 1397 2542 p.
1423 2496 1490 2532 317
1517 2507 1570 2542 sq.
1593 2508 1711 2542 neque

166 2567 189 2593 a
214 2555 416 2592 Wieselero
447 2555 559 2601 (Anu.
594 2555 720 2600 philol.
756 2554 910 2597 LXXV,
943 2566 978 2600 p..
1011 2557 1076 2591 681
1110 2557 1181 2600 sq.)
1222 2553 1464 2607 auspiciorum
1495 2554 1710 2590 mentionem

165 2613 246 2649 fieri
273 2612 432 2649 viderim.
