1924 3019
939 110 962 149 5

181 259 301 300 quem
331 246 503 289 cavendi
531 245 617 288 sive
646 243 903 287 custodiendi
930 244 1043 287 notio
1072 242 1187 292 verbi
1212 244 1413 298 φρουρεῖν
1441 241 1605 284 omnino
1633 251 1713 282 non

181 316 381 369 quadrat,
411 315 523 355 nullo
549 314 670 355 modo
698 318 841 365 potest
869 325 958 354 cum
987 314 1228 365 imperativo
1256 315 1480 367 φρουρεΐτε
1507 311 1711 362 coniungi.

182 387 253 429 Sin
295 384 539 428 infinitivum
579 397 604 427 a
644 384 780 438 priore
827 382 1028 426 infinitivo
1065 383 1299 426 Badhamus
1339 383 1425 436 regi
1475 380 1582 424 vult:
1633 392 1711 422 non

179 455 386 508 intellego,
416 456 618 509 quomodo
647 454 698 496 τό
734 478 775 484 --
806 454 1070 508 ἀποφαίνειν
1100 453 1138 494 h.
1165 465 1198 495 e.
1228 455 1406 496 advenas
1436 453 1552 494 bonis
1577 451 1711 493 verbis

180 526 362 568 salutare
392 539 442 567 ex
472 526 542 567 illo
571 526 783 579 εὐφημεῖν
811 528 1098 577 consequatur.

287 596 499 638 Nauckius
537 608 626 637 cum
665 595 801 647 priore
840 594 1020 636 editione
1050 594 1176 635 verba
1214 593 1405 647 γλώσσης
1436 592 1547 640 ἰδίας
1574 595 1712 647 extru-

179 666 297 718 serit,
334 666 375 707 in
403 665 535 707 altera
565 677 608 706 se
636 665 766 706 locum
806 676 886 706 non
924 664 1115 717 expedire
1153 663 1395 716 confitetur3
1438 659 1711 704 Kirchhoffius

178 736 394 777 lectionem
432 735 628 776 librorum
666 734 840 787 retinet,
896 738 1185 787 praeterquam
1221 733 1331 787 quod
1369 738 1415 775 ut
1449 733 1710 775 Hermannus

179 805 322 860 στόμα
349 806 387 847 δ’
432 805 597 858 scribit,
664 804 773 858 quod
823 817 915 847 mea
976 817 1136 858 quoque
1197 804 1402 846 sententia
1458 800 1710 845 continuatio

178 877 375 919 orationis
396 876 592 929 postulat.
650 876 730 926 Qui
753 876 1054 918 recentissimus
1078 876 1217 917 extitit
1238 875 1359 917 huius
1389 875 1467 916 loci
1496 875 1710 926 interpres,

177 946 448 989 Levinsonius
477 947 518 988 in
548 949 853 999 programmate
880 946 1081 1000 gymnasii
1118 945 1417 988 Ratiboriensis
1452 946 1580 997 1862,
1604 956 1644 997 p.
1673 947 1710 995 4,

176 1017 314 1069 legere
354 1016 499 1058 suadet
528 1016 695 1069 α’γαθοί
708 1050 717 1067 ,
758 1016 928 1058 eandem
970 1016 1054 1057 fere
1099 1016 1345 1057 sententiam
1384 1016 1548 1056 eliciens
1585 1018 1709 1066 atque

176 1087 454 1139 Musgravius,
485 1086 554 1138 qui
579 1085 736 1139 α’γανοί
761 1085 1020 1128 scribendum
1049 1086 1275 1139 proposuit.
1339 1084 1424 1130 Sed⁸
1447 1085 1535 1138 ipse
1563 1084 1708 1126 Levin-

177 1157 327 1208 senius,
357 1168 447 1197 mox
467 1156 638 1197 remissa
659 1156 903 1208 coniectura,
930 1156 1056 1197 verba
1081 1153 1274 1209 εὔφημον
1298 1159 1339 1197 et
1368 1154 1540 1207 ἀγαθόν
1568 1154 1706 1196 eodem

176 1227 297 1269 modo
334 1227 442 1268 necti
479 1226 588 1278 vult,
630 1239 709 1278 quo
752 1226 995 1279 insequenti>
1020 1238 1142 1268 versu
1178 1226 1303 1268 verba
1341 1224 1486 1281 φήμας
1513 1224 1709 1279 ἀγαθάς,-

176 1308 421 1350 quamquam
452 1308 503 1338 ne
530 1296 607 1338 hoc
636 1289 799 1349 quidem
828 1308 903 1349 pro
933 1299 1044 1338 certo
1074 1295 1280 1337 affirmare
1310 1295 1448 1337 audet.

282 1368 368 1411 Iam
401 1366 496 1420 quid
527 1366 626 1409 mihi
656 1366 706 1409 de
738 1366 815 1410 hoc
845 1365 1081 1410 difficillimo
1123 1366 1212 1410 loco
1251 1366 1462 1418 videatur,
1507 1377 1708 1420 exponere

174 1438 215 1479 in
245 1438 378 1479 animo
408 1440 483 1478 est.
541 1438 673 1490 Atque
700 1438 875 1489 primum
905 1437 1067 1490 quidem
1097 1449 1203 1490 quae
1233 1438 1287 1479 sit
1316 1437 1497 1478 condicio
1527 1441 1570 1477 et
1597 1437 1708 1478 Ionis

173 1511 216 1549 et
244 1519 410 1559 eorum,
439 1519 541 1560 quos
570 1507 815 1560 alloquitur,
853 1507 994 1560 paucis
1019 1506 1238 1560 explicabo.
1295 1507 1340 1548 In
1370 1518 1448 1559 quo
1479 1519 1561 1548 non
1589 1517 1708 1559 prae-

175 1577 480 1619 termittendum
509 1581 636 1629 puto,
677 1577 787 1630 quod
829 1577 1130 1620 Schoemannus
1165 1578 1207 1619 in
1237 1578 1373 1629 priore
1399 1580 1707 1630 programmate

174 1646 549 1700 Gryphiswaldensi
583 1650 685 1688 1859
729 1647 904 1701 (Opusc.
944 1659 1002 1689 ac.
1041 1647 1115 1700 IV,
1147 1660 1188 1701 p.
1219 1648 1319 1700 55),
1373 1660 1455 1700 quo
1490 1646 1703 1699 prologum

172 1717 291 1757 huius
316 1716 478 1757 fabulae
510 1717 755 1769 Euripideae
785 1721 961 1769 tractat,
985 1730 1026 1769 p.
1057 1720 1109 1759 20
1138 1730 1197 1770 sq.
1256 1718 1493 1769 Euripidem
1523 1718 1563 1759 in
1594 1718 1705 1759 Ionis

172 1785 404 1830 condicione
444 1786 700 1841 depingenda
741 1799 821 1830 non
857 1786 960 1831 satis
998 1786 1236 1841 diligentem
1274 1786 1401 1831 fuisse
1446 1787 1562 1841 dicit,
1613 1798 1702 1830 cum

171 1869 294 1898 versu
325 1860 377 1897 54
403 1861 445 1897 et
473 1860 523 1897 55
554 1870 645 1898 eum
675 1858 858 1910 appellet
884 1858 1192 1912 χρυσοφύλακα
1228 1861 1306 1898 τοῦ
1331 1861 1444 1899 θεοῦ
1469 1862 1631 1910 ταμίαν
1657 1875 1702 1898 τε

171 1925 350 1969 πάντων
376 1926 554 1981 πιστόν,
610 1940 703 1970 mox
741 1931 877 1971 autem
916 1928 1056 1971 Ionem
1095 1927 1165 1971 vili
1205 1928 1375 1971 munere
1413 1940 1560 1971 »areae
1596 1941 1702 1983 aqua

170 2008 288 2038 sacra
326 1997 605 2049 aspergendae
641 2002 683 2039 et
720 1999 859 2040 avium
896 1999 1217 2051 abigendarum‹
1257 2004 1498 2051 occupatum
1534 1999 1702 2041 inducat
1772 2018 1783 2029 ·

169 2073 212 2109 et
240 2068 326 2108 eius
354 2067 516 2119 quidem
547 2069 698 2110 aetatis
727 2081 820 2111 eum
862 2081 951 2112 esse
976 2069 1146 2122 indicet,
1189 2070 1251 2112 eui
1287 2070 1352 2111 vix
1393 2073 1534 2112 tantus
1570 2070 1701 2112 honor

170 2138 385 2179 convenire
413 2136 615 2178 videatur.
684 2138 759 2180 Cui
800 2139 1128 2193 respondendum
1159 2151 1324 2191 cense0,
1361 2140 1522 2191 Ionem,
1563 2153 1699 2193 quam-

168 2219 289 2259 quam
316 2206 451 2247 adhuc
472 2207 806 2251 adulescentulus
835 2209 1075 2262 cogitandus
1104 2210 1172 2261 sit,
1202 2214 1337 2251 tamen
1358 2210 1536 2252 omnium
1566 2223 1698 2252 rerum

169 2280 212 2324 et
237 2275 506 2318 humanarum
535 2279 577 2319 et
602 2277 833 2321 divinarum
871 2279 951 2321 iam
989 2291 1069 2321 non
1101 2279 1329 2333 imperitum
1370 2281 1411 2322 in
1445 2283 1536 2322 tota
1563 2279 1698 2323 fabula

168 2359 389 2399 apparere,
442 2351 485 2388 et
532 2348 595 2389 cui
631 2353 774 2402 utpote
811 2348 894 2391 filio
931 2350 1132 2402 Apollinis
1167 2354 1332 2403 praeter
1367 2355 1524 2393 ceteros
1557 2363 1697 2393 servos

168 2420 253 2459 tam
280 2417 443 2470 insigne
472 2430 620 2460 munus
650 2420 944 2463 committatur.
1002 2420 1106 2463 Nam
1126 2433 1372 2474 quamquam
1395 2421 1468 2463 Ion
1498 2420 1696 2464 modestia

167 2487 345 2541 quadam
383 2487 534 2530 iterum
573 2492 699 2546 atque
735 2491 884 2534 iterum
921 2503 966 2533 se
1001 2504 1163 2534 servum
1203 2491 1403 2546 Apollinis
1440 2503 1529 2534 esse
1568 2493 1696 2535 sacris

166 2557 403 2600 ministeriis
431 2570 586 2601 summa
617 2559 834 2613 diligentia
853 2564 896 2604 et
913 2560 1073 2605 laetitia
1094 2562 1280 2605 deditum
1299 2561 1531 2615 confitetur,
1559 2566 1692 2604 tamen
