1924 3019
882 107 942 151 ‘30

135 253 261 297 quam
284 246 337 301 3ut
363 243 475 287 viros
503 243 598 291 illos
626 255 696 296 ea,
725 250 853 297 quam'
878 246 1085 297 statuunt,
1114 243 1194 288 loci
1224 243 1433 295 sententia
1458 236 1679 290 contentos
1745 229 1748 231 ⁵
1790 294 1796 301 ,

135 313 367 357 existimem
382 305 399 368 ,⁴
422 314 520 357 dum
549 313 692 359 melior
723 314 980 369 inveniatur,
1014 322 1108 358 cum
1142 315 1274 358 minus
1306 315 1455 358 bonam
1492 318 1678 360 statuere

134 394 259 438 quam
296 383 450 427 nullam
485 384 646 431 malint.
717 384 833 436 Quod
878 384 1140 439 Musgravius
1173 386 1227 428 ,in
1275 386 1412 430 verbis
1456 389 1680 441 παρθένια

133 454 369 509 σπάργανα
396 453 608 498 offendens
635 455 757 509 legit:
1146 453 1149 457 ⁴

464 529 690 580 παρθένια
713 526 753 568 δ’
769 526 873 580 ἔργ’,
903 526 958 574 (ἇς
983 532 1168 580 ματέρος

468 595 698 650 σπάργαν’,
726 596 1053 651 α’μφίβολάσοι
1079 619 1135 626 -·
1162 619 1216 626 --
1541 648 1545 651 ι

138 670 182 709 et
211 665 320 720 apud
348 665 525 709 eundem
554 668 690 709 nescio
719 667 809 721 quis
837 667 1034 710 adnotat:
1073 667 1289 722 scripsisse
1316 666 1478 711 videtur
1504 669 1680 711 Auctor:

465 739 737 791 παρθενικάς
765 738 815 779 δὲ
841 738 1011 792 δίασμα
1036 737 1173 791 χερός,

139 806 379 860 Euripidem
415 812 500 850 tam
542 819 670 861 parvo
705 808 924 851 intervallo
963 809 1136 851 eandem
1175 809 1420 863 sententiam
1450 809 1681 862 repetiisse,

140 890 221 924 non
256 889 428 931 possum
467 877 566 921 mihi
599 878 871 933 persuadere3
914 879 1117 922 velamina
1155 879 1263 922 enim
1304 879 1358 922 ab
1396 879 1486 933 ipsa
1524 879 1683 933 virgine

142 953 257 991 texta
287 961 378 991 esse
413 949 535 1002 paulo
576 956 674 1003 post
709 951 867 1004 apertis
904 951 1039 1005 verbis
1077 951 1305 993 indicatur:
1352 951 1542 1004 κερκίδος
1577 950 1685 1004 ἐμᾶς

141 1018 258 1074 (nam
290 1019 349 1061 sic
375 1019 615 1074 legendum)
645 1020 847 1069 πλάνους.
896 1061 898 1064 ,

249 1088 396 1131 Miram
434 1090 638 1133 rationem
673 1090 765 1140 iniit
803 1091 1083 1143 Hermannus‚
1136 1092 1227 1144 qui,
1266 1103 1407 1134 vocem
1449 1090 1684 1144 σπάργανα

141 1158 474 1202 additamentum
518 1161 757 1214 interpretis
805 1173 896 1204 esse
946 1165 1087 1212 ratus,
1141 1166 1190 1204 ut
1228 1150 1405 1205 metrum
1443 1166 1683 1214 corruptum

141 1230 406 1284 restitueret,
434 1242 577 1274 versus
609 1231 867 1274 ‹lochmiacos
896 1232 954 1274 sic
981 1232 1164 1285 scripsit:

416 1304 639 1354 παρθένια
665 1302 705 1342 δ’
722 1301 803 1343 ἄπ’
829 1303 937 1355 ἐμᾶς
965 1308 1147 1356 ματέρος
1171 1302 1398 1356 ἀμφίβολα

414 1372 485 1414 σοὶ
513 1371 612 1414 τάδ’
638 1373 805 1431 ἐνῆψα,
832 1373 1022 1426 κερκίδος
1050 1374 1157 1427 ἐμᾶς
1183 1371 1386 1420 πλάνους.

143 1442 192 1485 In
222 1442 371 1495 quibus
400 1442 509 1495 quod
539 1442 607 1484 ille
636 1444 764 1486 verba
792 1443 871 1485 ἄπ’
890 1444 998 1497 ἐμᾶς
1023 1448 1204 1497 ματέρος
1228 1443 1455 1497 α’μφίβολα
1481 1442 1683 1485 intellexit

144 1512 371 1565 velamina,
411 1523 519 1565 quae
558 1511 713 1555 Creusa
761 1525 787 1555 a
832 1518 968 1556 matre
1010 1513 1184 1556 texenda
1233 1514 1480 1567 accepisset,
1535 1513 1686 1556 nemini

145 1584 396 1640 sen-tentiam
415 1595 551 1627 ,suam
588 1583 804 1638 probavit3
856 1585 963 1638 quod
998 1585 1107 1627 unde
1143 1585 1327 1627 evenerit
1361 1596 1442 1626 non
1483 1596 1585 1637 opus
1623 1587 1688 1626 est

144 1666 359 1708 exponere.

254 1725 388 1768 Huius
413 1725 541 1778 igitur
569 1725 648 1768 loci
675 1737 765 1767 cum
786 1724 985 1766 medelam
1009 1725 1191 1766 nondum
1210 1724 1442 1766 invenerint
1464 1724 1542 1766 viri
1562 1724 1686 1784 docti,

146 1808 317 1850 campus
346 1796 480 1838 adhuc
508 1800 626 1849 patet
653 1795 891 1838 coniciendi.
950 1795 1049 1846 Quae
1071 1795 1235 1837 licentia
1265 1798 1384 1847 uta-r,
1418 1795 1489 1837 sed
1519 1795 1601 1845 ita,
1639 1801 1686 1837 ut

145 1880 169 1910 e
196 1867 348 1909 finibus
377 1879 516 1910 earum
545 1878 698 1917 rerum,
723 1878 830 1920 quae
860 1866 937 1908 hac
965 1865 1105 1908 fabula
1133 1869 1326 1919 aguntur,
1352 1866 1550 1919 imprimis
1579 1878 1686 1919 quae

145 1938 200 1982 ad
222 1938 416 1982 Creusam
438 1942 641 1991 spectant,
669 1949 750 1984 non
771 1937 971 1989 egrediar.
1029 1936 1132 1979 Nam
1162 1949 1252 1980 eum
1279 1937 1482 1979 velamina
1502 1938 1686 1990 virginea

146 2010 223 2052 hoc
261 2009 348 2052 loco
389 2008 444 2051 ad
482 2011 656 2051 matrem
700 2008 889 2067 Creusae
937 2007 1037 2050 nihil
1084 2008 1291 2062 pertinere
1331 2008 1596 2061 indicassem,
1630 2009 1686 2050 in

113 2086 117 2090 “
146 2084 324 2123 mentem
353 2080 451 2122 mihi
480 2080 593 2122 venit
619 2080 846 2133 inquirere,
894 2091 977 2132 quo
1005 2081 1158 2122 matris
1185 2079 1473 2121 indicationem
1501 2083 1688 2133 spectare

146 2163 397 2195 censeamus.
455 2151 598 2204 Neque
636 2154 678 2193 te
716 2162 807 2193 cum
851 2149 1033 2193 Creusae
1071 2154 1213 2204 partes
1242 2151 1474 2193 accuratius
1504 2150 1688 2194 conside-

147 2223 329 2274 raveris,
379 2221 700 2275 praeteriturum
728 2225 853 2273 puto,
904 2221 1008 2262 duas
1038 2221 1294 2273 potissimum
1332 2232 1398 2263 res
1426 2232 1539 2272 esse,
1582 2232 1687 2274 quae

149 2291 334 2336 Creusae
367 2292 518 2335 crimen
559 2303 681 2335 suum
728 2291 875 2334 iterum
911 2295 1040 2345 atque
1083 2291 1235 2334 iterum
1277 2290 1554 2337 reminiscenti
1591 2294 1688 2334 ante

148 2364 290 2407 oculos
321 2363 565 2405 obversatae
593 2363 678 2405 sint
735 2362 1015 2415 virginitatem
1038 2362 1239 2414 perditam
1270 2366 1314 2404 et
1339 2373 1502 2414 curam,
1540 2373 1593 2403 ne
1621 2373 1687 2403 res

147 2434 430 2478 innotesceret
457 2432 676 2487 praecipue
704 2444 756 2476 ne
783 2432 1024 2486 parentibus
1052 2433 1204 2475 crimen
1229 2433 1476 2486 aperiretur.
1533 2432 1688 2484 Quanti

147 2506 250 2548 haec
275 2505 412 2547 altera
440 2515 505 2546 res
533 2505 725 2546 momenti
754 2503 900 2555 fuerit,
928 2503 1022 2545 inde
1046 2503 1307 2556 perspicitur,
1336 2504 1442 2557 quod
1472 2502 1689 2556 permultis
1736 2538 1737 2541 ,

124 2569 249 2619 ³locis
278 2575 448 2619 vocibus
475 2574 615 2629 λέχος,
659 2573 815 2628 γάμος,
855 2573 1050 2627 λέκτρον,
1099 2573 1223 2630 εὐνή,
1267 2573 1374 2616 ω’δίν
1410 2574 1689 2627 adiunguntur
